1395851497,585.000000000000,0.200000000000
1395851499,585.000000000000,0.011920000000
1395851526,585.500000000000,0.487000000000
1395851561,585.075000000000,0.011000000000
1395851561,583.160000000000,0.039000000000
1395851582,583.155000000000,0.050000000000
1395851582,583.160000000000,0.011000000000
1395851583,583.027000000000,0.021000000000
1395851583,583.011000000000,0.018000000000
1395851608,585.495000000000,0.050000000000
1395851608,585.495000000000,0.050000000000
1395851608,585.500000000000,0.000200400000
1395851651,585.500000000000,0.040080200000
1395851652,584.709000000000,0.011000000000
1395851652,583.160000000000,0.050000000000
1395851652,583.028000000000,2.939000000000
1395851697,585.361000000000,0.011000000000
1395851698,585.361000000000,0.017000000000
1395851713,585.500000000000,0.007986960000
1395851713,585.363000000000,0.050000000000
1395851713,585.999000000000,0.010500000000
1395851713,586.000000000000,0.071793600000
1395851799,586.000000000000,0.037074100000
1395851834,586.000000000000,0.058116200000
1395851855,586.000000000000,0.093681400000
1395851855,586.000000000000,0.004515020000
1395851856,583.363000000000,0.023566300000
1395851908,586.000000000000,0.150301000000
1395851966,585.999000000000,0.106927000000
1395851968,585.999000000000,0.000603130000
1395851968,585.999000000000,0.060000000000
1395851977,583.363000000000,0.060000000000
1395852024,585.000000000000,0.020000000000
1395852024,586.000000000000,0.041454400000
1395852024,586.000000000000,0.248546000000
1395852057,586.000000000000,0.204445000000
1395852057,586.000000000000,1.338840000000
1395852088,583.600000000000,0.013835000000
1395852090,583.600000000000,0.006053110000
1395852108,583.400000000000,0.490000000000
1395852108,583.364000000000,0.107195000000
1395852108,583.013000000000,0.021000000000
1395852108,585.999000000000,0.182000000000
1395852108,583.012000000000,0.485220000000
1395852108,583.007000000000,0.577300000000
1395852108,583.363000000000,0.308285000000
1395852108,583.657000000000,0.011000000000
1395852118,585.999000000000,0.150000000000
1395852122,585.999000000000,0.479000000000
1395852122,585.998000000000,0.021000000000
1395852127,585.999000000000,0.189000000000
1395852129,585.999000000000,0.077822400000
1395852135,585.000000000000,0.066354200000
1395852174,585.994000000000,0.160321000000
1395852174,585.994000000000,0.131749000000
1395852180,585.994000000000,0.010000000000
1395852186,585.995000000000,0.009710700000
1395852186,585.994000000000,0.160630000000
1395852208,585.995000000000,0.001289300000
1395852208,585.999000000000,0.098710700000
1395852221,583.005000000000,1.378710000000
1395852221,583.006000000000,0.450000000000
1395852221,583.006000000000,0.170800000000
1395852221,583.000000000000,5.310770000000
1395852221,583.000000000000,0.090000000000
1395852221,583.005000000000,1.000000000000
1395852221,583.007000000000,1.050000000000
1395852221,583.007000000000,0.010000000000
1395852221,583.658000000000,0.011000000000
1395852221,583.008000000000,0.021000000000
1395852221,583.400000000000,0.411000000000
1395852258,585.998000000000,0.021000000000
1395852258,586.000000000000,0.204730000000
1395852258,585.999000000000,0.008269950000
1395852259,586.000000000000,0.140281000000
1395852286,585.000000000000,0.072222700000
1395852295,585.000000000000,0.011000000000
1395852335,585.000000000000,0.010000000000
1395852340,585.000000000000,0.012606700000
1395852345,585.000000000000,0.146636000000
1395852345,585.000000000000,0.015655200000
1395852346,585.998000000000,0.189709000000
1395852353,583.300000000000,0.100000000000
1395852371,586.000000000000,0.422846000000
1395852383,586.000000000000,0.115230000000
1395852399,583.300000000000,0.007260710000
1395852403,583.300000000000,0.101800000000
1395852404,583.300000000000,0.020035100000
1395852424,585.535000000000,0.011000000000
1395852424,586.000000000000,0.141305000000
1395852482,585.999000000000,0.107046000000
1395852483,585.999000000000,1.610000000000
1395852486,585.999000000000,0.359553000000
1395852504,586.000000000000,0.012925600000
1395852514,585.999000000000,0.123400000000
1395852558,586.130000000000,0.010000000000
1395852558,586.313000000000,0.660710000000
1395852558,586.005000000000,0.010000000000
1395852558,586.000000000000,0.041606500000
1395852558,586.005000000000,0.010000000000
1395852558,586.095000000000,0.030000000000
1395852558,586.000000000000,0.177683000000
1395852558,586.004000000000,0.010000000000
1395852558,585.995000000000,0.050000000000
1395852664,585.357000000000,0.011000000000
1395852673,586.313000000000,0.367230000000
1395852677,586.313000000000,0.011000000000
1395852686,586.417000000000,0.019466800000
1395852686,586.323000000000,0.061876000000
1395852686,586.500000000000,0.375264000000
1395852686,586.500000000000,0.188600000000
1395852699,586.417000000000,0.030000000000
1395852712,586.417000000000,0.104391000000
1395852712,585.675000000000,0.011000000000
1395852719,586.417000000000,0.071736900000
1395852721,586.417000000000,0.104391000000
1395852734,586.514000000000,0.010000000000
1395852734,586.514000000000,0.010000000000
1395852734,586.514000000000,0.010000000000
1395852746,586.622000000000,0.030000000000
1395852757,586.799000000000,0.010000000000
1395852757,586.799000000000,0.010000000000
1395852757,586.799000000000,0.010000000000
1395852757,586.799000000000,0.010000000000
1395852773,586.800000000000,0.010000000000
1395852788,585.313000000000,0.010000000000
1395852788,585.799000000000,0.010000000000
1395852788,585.800000000000,0.010000000000
1395852788,585.313000000000,0.010000000000
1395852788,585.357000000000,0.060000000000
1395852788,585.313000000000,0.010000000000
1395852788,585.313000000000,0.010000000000
1395852837,584.900000000000,0.200401000000
1395852869,584.000000000000,0.197732000000
1395852872,584.900000000000,0.103206000000
1395852898,584.000000000000,0.019000000000
1395852918,584.900000000000,0.031000000000
1395852943,584.900000000000,0.113800000000
1395852971,584.000000000000,0.100000000000
1395852972,584.900000000000,0.203682000000
1395852972,585.900000000000,0.010000000000
1395852972,586.858000000000,0.086918900000
1395853009,585.900000000000,1.000000000000
1395853011,586.505000000000,0.030000000000
1395853031,586.856000000000,0.021000000000
1395853031,586.857000000000,0.538775000000
1395853058,584.900000000000,0.010000000000
1395853084,584.750000000000,0.237000000000
1395853116,584.750000000000,0.011000000000
1395853123,584.161000000000,0.010000000000
1395853125,584.750000000000,0.171000000000
1395853154,584.001000000000,0.010500000000
1395853154,584.161000000000,0.001000000000
1395853154,584.000000000000,1.495000000000
1395853154,584.000000000000,0.183268000000
1395853154,584.000000000000,1.614930000000
1395853159,584.750000000000,0.048116200000
1395853159,584.000000000000,0.010000000000
1395853238,584.750000000000,0.022883800000
1395853241,586.833000000000,0.173000000000
1395853283,584.493000000000,0.010000000000
1395853291,586.920000000000,0.048618200000
1395853291,586.837000000000,0.010500000000
1395853301,584.489000000000,0.019000000000
1395853301,584.493000000000,0.001000000000
1395853311,586.920000000000,0.010000000000
1395853317,584.489000000000,0.020000000000
1395853378,584.000000000000,0.049000000000
1395853433,586.920000000000,0.991382000000
1395853433,586.910000000000,0.018100000000
1395853436,586.920000000000,1.316560000000
1395853436,586.920000000000,1.193190000000
1395853437,586.920000000000,0.959111000000
1395853438,586.920000000000,0.902516000000
1395853439,586.920000000000,0.010000000000
1395853448,586.920000000000,0.820000000000
1395853461,586.921000000000,0.058116200000
1395853467,586.920000000000,0.334000000000
1395853470,586.920000000000,0.500000000000
1395853480,586.920000000000,0.010000000000
1395853490,586.920000000000,1.145140000000
1395853495,586.921000000000,0.137295000000
1395853495,586.920000000000,0.010000000000
1395853523,586.921000000000,0.089000000000
1395853523,586.917000000000,0.011000000000
1395853523,586.917000000000,0.050000000000
1395853584,585.699000000000,0.011000000000
1395853639,586.000000000000,0.116978000000
1395853645,586.000000000000,0.426814000000
1395853679,586.000000000000,0.016880000000
1395853681,586.000000000000,0.087306100000
1395853684,586.917000000000,0.031000000000
1395853684,586.917000000000,0.011000000000
1395853695,586.001000000000,0.360540000000
1395853712,586.000000000000,0.087306100000
1395853744,585.699000000000,0.118700000000
1395853826,586.000000000000,0.010300000000
1395853849,584.917000000000,0.062901900000
1395853889,585.000000000000,0.100000000000
1395853924,584.918000000000,0.039517600000
1395853924,584.917000000000,0.010482400000
1395854058,585.720000000000,0.011000000000
1395854058,584.917000000000,0.009000000000
1395854079,584.917000000000,0.009000000000
1395854079,585.402000000000,0.011000000000
1395854082,587.000000000000,0.754045000000
1395854082,586.000000000000,0.010199300000
1395854082,586.000000000000,0.021962300000
1395854082,586.900000000000,0.249500000000
1395854082,586.910000000000,0.999900000000
1395854082,587.000000000000,0.784106000000
1395854082,586.921000000000,0.072036800000
1395854082,587.000000000000,0.084250400000
1395854082,587.000000000000,0.014000000000
1395854092,583.900000000000,0.010000000000
1395854092,583.200000000000,0.010400000000
1395854092,583.200000000000,0.011930000000
1395854092,583.900000000000,0.010000000000
1395854092,583.347000000000,0.030000000000
1395854092,583.009000000000,0.502300000000
1395854092,583.009000000000,0.052500000000
1395854092,583.900000000000,0.010000000000
1395854092,583.900000000000,0.010000000000
1395854092,583.900000000000,0.010000000000
1395854092,583.900000000000,0.010000000000
1395854092,583.985000000000,0.058291600000
1395854092,583.900000000000,0.010000000000
1395854092,584.917000000000,1.488620000000
1395854092,584.576000000000,0.041624500000
1395854092,584.000000000000,0.221480000000
1395854092,584.000000000000,0.395679000000
1395854092,584.100000000000,0.107179000000
1395854096,583.010000000000,0.010000000000
1395854207,583.638000000000,0.010000000000
1395854232,585.344000000000,0.073146300000
1395854285,585.344000000000,0.042041200000
1395854327,585.300000000000,0.480447000000
1395854349,585.299000000000,0.149000000000
1395854353,584.900000000000,0.307739000000
1395854415,584.900000000000,0.085340000000
1395854449,584.900000000000,0.250000000000
1395854486,584.900000000000,0.020000000000
1395854516,584.900000000000,3.251640000000
1395854533,584.900000000000,0.987255000000
1395854590,584.990000000000,0.011000000000
1395854590,585.299000000000,0.006330000000
1395854610,584.900000000000,0.120000000000
1395854623,584.900000000000,0.010000000000
1395854641,585.299000000000,0.085430000000
1395854645,584.900000000000,0.341000000000
1395854653,584.900000000000,0.031600000000
1395854655,584.900000000000,0.644145000000
1395854716,583.638000000000,0.010000000000
1395854751,584.900000000000,0.031600000000
1395854756,584.900000000000,0.210000000000
1395854794,585.299000000000,0.140281000000
1395854798,584.900000000000,0.074209100000
1395854845,583.101000000000,0.080000000000
1395854845,583.638000000000,0.010000000000
1395854845,583.638000000000,0.010000000000
1395854846,584.900000000000,0.170100000000
1395854948,583.103000000000,0.120000000000
1395854950,584.900000000000,0.039900000000
1395854951,585.000000000000,0.061302400000
1395854969,583.102000000000,0.750000000000
1395854969,583.103000000000,0.120000000000
1395854969,583.103000000000,0.930000000000
1395855011,585.000000000000,0.133267000000
1395855014,583.102000000000,0.365396000000
1395855015,583.102000000000,0.048700000000
1395855095,583.102000000000,0.565778000000
1395855118,583.102000000000,4.500000000000
1395855139,585.899000000000,0.141209000000
1395855139,585.898000000000,0.010500000000
1395855139,585.300000000000,0.110000000000
1395855139,585.300000000000,0.075612300000
1395855139,585.000000000000,0.042894800000
1395855139,585.000000000000,0.061230300000
1395855139,585.299000000000,0.141426000000
1395855139,585.000000000000,0.030354600000
1395855154,585.000000000000,0.400000000000
1395855161,583.558000000000,0.050000000000
1395855161,583.558000000000,0.010400000000
1395855161,583.558000000000,0.011000000000
1395855161,583.102000000000,0.018100000000
1395855161,583.105000000000,0.010500000000
1395855161,583.103000000000,0.100000000000
1395855162,585.899000000000,0.200000000000
1395855171,585.000000000000,0.110000000000
1395855202,585.895000000000,0.050000000000
1395855202,585.899000000000,0.489722000000
1395855202,585.437000000000,0.011000000000
1395855202,585.894000000000,0.010500000000
1395855202,585.437000000000,0.050000000000
1395855205,585.899000000000,0.010000000000
1395855273,585.900000000000,0.010000000000
1395855273,585.900000000000,0.102325000000
1395855273,585.900000000000,0.010000000000
1395855273,585.900000000000,0.010000000000
1395855273,585.900000000000,0.010000000000
1395855273,585.900000000000,0.010000000000
1395855273,585.900000000000,0.010000000000
1395855278,584.900000000000,0.010000000000
1395855278,583.104000000000,0.010500000000
1395855278,583.104000000000,0.010573300000
1395855299,583.104000000000,0.019819000000
1395855299,583.104000000000,0.100668000000
1395855300,583.104000000000,0.079512800000
1395855379,584.899000000000,0.010000000000
1395855421,585.438000000000,0.011000000000
1395855466,585.899000000000,0.087696400000
1395855466,585.438000000000,0.007000000000
1395855466,584.438000000000,0.010000000000
1395855466,585.898000000000,0.010500000000
1395855466,584.438000000000,0.010000000000
1395855466,585.438000000000,0.658000000000
1395855466,584.438000000000,0.010000000000
1395855466,584.438000000000,0.010000000000
1395855467,584.000000000000,0.899499000000
1395855468,584.000000000000,0.912064000000
1395855471,584.000000000000,0.030773500000
1395855478,584.000000000000,0.017495200000
1395855489,584.000000000000,0.010000000000
1395855513,584.000000000000,0.010000000000
1395855513,584.000000000000,0.079158300000
1395855538,584.000000000000,0.010000000000
1395855563,584.000000000000,0.010000000000
1395855580,584.000000000000,0.011000000000
1395855591,584.000000000000,0.010000000000
1395855613,584.000000000000,0.010000000000
1395855641,584.000000000000,0.010000000000
1395855658,583.105000000000,0.010500000000
1395855660,583.105000000000,0.289500000000
1395855663,584.000000000000,0.010000000000
1395855688,584.000000000000,0.010000000000
1395855711,584.000000000000,1.055010000000
1395855715,583.102000000000,1.219340000000
1395855715,583.104000000000,0.010000000000
1395855715,583.104000000000,0.645000000000
1395855715,584.000000000000,0.024990000000
1395855715,583.104000000000,0.100668000000
1395855716,583.102000000000,2.000000000000
1395855732,585.898000000000,0.010500000000
1395855732,585.899000000000,0.159500000000
1395855739,585.899000000000,0.146293000000
1395855761,585.899000000000,0.006511030000
1395855761,585.899000000000,0.154320000000
1395855782,585.989000000000,0.010500000000
1395855800,585.990000000000,0.250000000000
1395855813,585.989000000000,0.280000000000
1395855824,585.989000000000,0.019500000000
1395855830,585.899000000000,0.292000000000
1395855841,585.899000000000,0.011000000000
1395855843,583.647000000000,0.050000000000
1395855843,583.110000000000,0.178000000000
1395855843,583.230000000000,0.030000000000
1395855843,583.557000000000,0.011000000000
1395855843,585.899000000000,0.006168970000
1395855843,583.647000000000,0.011000000000
1395855853,585.899000000000,0.867250000000
1395855856,585.899000000000,0.138414000000
1395855862,585.899000000000,0.030000000000
1395855868,585.989000000000,0.000355910000
1395855868,585.989000000000,0.169944000000
1395855877,585.899000000000,0.003605200000
1395855882,585.899000000000,0.021042100000
1395855884,583.700000000000,0.010000000000
1395855994,585.898000000000,0.090180400000
1395856135,585.860000000000,0.056112200000
1395856178,583.204000000000,0.052815400000
1395856190,583.204000000000,6.000000000000
1395856190,583.204000000000,0.010000000000
1395856213,583.204000000000,0.010000000000
1395856226,583.204000000000,0.011000000000
1395856229,583.204000000000,0.490000000000
1395856240,583.204000000000,0.010000000000
1395856263,583.204000000000,0.010000000000
1395856273,583.104000000000,0.010500000000
1395856273,583.103000000000,0.020000000000
1395856273,583.102000000000,0.263500000000
1395856273,583.104000000000,0.010500000000
1395856277,583.204000000000,0.070000000000
1395856284,583.204000000000,0.336185000000
1395856369,583.204000000000,0.020000000000
1395856370,583.204000000000,0.100651000000
1395856373,583.204000000000,0.019038100000
1395856389,583.204000000000,0.010000000000
1395856406,583.204000000000,0.002830180000
1395856415,583.204000000000,0.085386600000
1395856456,583.204000000000,0.012434200000
1395856456,583.204000000000,0.074484000000
1395856481,583.770000000000,0.152866000000
1395856483,584.999000000000,0.031264100000
1395856483,585.000000000000,0.225736000000
1395856499,583.770000000000,0.031020000000
1395856505,585.000000000000,0.058000000000
1395856511,585.000000000000,0.284000000000
1395856511,585.500000000000,0.100000000000
1395856511,585.000000000000,0.406801000000
1395856534,585.500000000000,0.058000000000
1395856535,585.500000000000,0.045000000000
1395856575,583.770000000000,0.100000000000
1395856647,583.894000000000,0.011000000000
1395856672,583.770000000000,0.024000000000
1395856686,585.000000000000,0.017900000000
1395856715,583.770000000000,0.692114000000
1395856715,583.770000000000,0.458105000000
1395856715,585.000000000000,0.100000000000
1395856737,583.770000000000,2.541890000000
1395856738,583.770000000000,0.025050100000
1395856739,583.770000000000,0.010000000000
1395856742,585.000000000000,0.369597000000
1395856742,583.770000000000,0.423055000000
1395856754,585.879000000000,0.010500000000
1395856754,585.000000000000,0.189073000000
1395856754,585.880000000000,0.237367000000
1395856754,585.859000000000,0.019960000000
1395856754,585.539000000000,0.050000000000
1395856754,585.539000000000,0.011000000000
1395856756,585.880000000000,0.197155000000
1395856758,585.880000000000,0.336794000000
1395856759,585.880000000000,0.181106000000
1395856766,585.880000000000,0.395887000000
1395856771,585.880000000000,1.500000000000
1395856774,585.880000000000,0.104113000000
1395856799,585.870000000000,0.171713000000
1395856803,585.870000000000,0.522175000000
1395856803,585.880000000000,0.171713000000
1395856803,585.894000000000,0.050000000000
1395856817,585.894000000000,0.171713000000
1395856835,585.880000000000,0.993747000000
1395856841,585.880000000000,0.006253250000
1395856872,583.554000000000,0.010400000000
1395856904,583.554000000000,0.010000000000
1395856915,583.547000000000,0.050000000000
1395856920,583.204000000000,0.014287900000
1395856922,583.204000000000,0.012857700000
1395856941,583.202000000000,0.024559900000
1395856956,583.547000000000,0.323615000000
1395856961,583.102000000000,0.534305000000
1395856961,583.110000000000,0.904425000000
1395856961,583.202000000000,0.061270100000
1395856988,583.500000000000,0.600000000000
1395857165,584.592000000000,0.011000000000
1395857169,584.592000000000,0.535700000000
1395857209,583.500000000000,2.808000000000
1395857209,584.292000000000,0.011000000000
1395857209,583.935000000000,0.011000000000
1395857239,584.500000000000,0.038592300000
1395857239,583.622000000000,0.011000000000
1395857239,583.500000000000,0.128108000000
1395857245,585.800000000000,0.256573000000
1395857245,585.799000000000,0.010500000000
1395857245,585.880000000000,0.210184000000
1395857245,585.800000000000,0.014259400000
1395857352,584.377000000000,0.011000000000
1395857352,585.880000000000,1.311520000000
1395857352,585.846000000000,0.011000000000
1395857352,585.880000000000,0.010000000000
1395857352,585.880000000000,0.080900000000
1395857352,585.887000000000,0.500000000000
1395857352,585.990000000000,0.096320900000
1395857352,585.888000000000,0.500000000000
1395857352,585.846000000000,0.050000000000
1395857352,584.003000000000,0.011000000000
1395857379,583.648000000000,0.050000000000
1395857379,583.648000000000,0.011000000000
1395857379,583.510000000000,0.139000000000
1395857431,583.510000000000,0.017605300000
1395857443,583.648000000000,0.026000000000
1395857444,585.990000000000,0.268000000000
1395857444,585.846000000000,0.050000000000
1395857444,585.990000000000,0.010000000000
1395857444,585.846000000000,0.011000000000
1395857444,585.990000000000,0.011000000000
1395857444,585.989000000000,0.200000000000
1395857471,585.107000000000,0.050200000000
1395857471,583.511000000000,0.055071100000
1395857471,583.628000000000,0.050000000000
1395857471,583.628000000000,0.011000000000
1395857481,585.847000000000,0.016000000000
1395857496,585.847000000000,0.014000000000
1395857496,585.846000000000,0.011000000000
1395857571,583.513000000000,0.027305300000
1395857578,585.970000000000,0.010000000000
1395857578,586.000000000000,0.050500000000
1395857578,585.999000000000,0.106521000000
1395857578,586.398000000000,0.010500000000
1395857578,585.970000000000,0.156292000000
1395857578,586.398000000000,0.010500000000
1395857578,586.000000000000,0.067000000000
1395857578,586.271000000000,0.030000000000
1395857578,586.399000000000,0.114087000000
1395857655,583.514000000000,0.033900000000
1395857655,583.514000000000,0.021000000000
1395857725,583.510000000000,8.889460000000
1395857725,583.510000000000,0.080747100000
1395857725,583.510000000000,0.299795000000
1395857725,583.513000000000,0.156636000000
1395857725,583.513000000000,0.307265000000
1395857725,583.514000000000,0.266100000000
1395857731,583.510000000000,0.010000000000
1395857748,583.514000000000,0.129750000000
1395857748,583.514000000000,0.070000000000
1395857766,583.770000000000,0.039000000000
1395857785,583.514000000000,0.099956700000
1395857785,583.514000000000,0.100043000000
1395857803,583.700000000000,0.011000000000
1395857865,583.514000000000,0.040970600000
1395857884,583.514000000000,0.150644000000
1395857897,583.514000000000,0.050283700000
1395857897,583.514000000000,0.008222240000
1395857917,583.514000000000,0.120000000000
1395857923,583.514000000000,0.360000000000
1395857953,583.510000000000,0.020598400000
1395857960,583.510000000000,1.079950000000
1395857972,583.500000000000,0.011509500000
1395858004,583.500000000000,1.676000000000
1395858009,583.500000000000,1.634000000000
1395858044,583.510000000000,0.417055000000
1395858045,583.500000000000,1.607050000000
1395858045,583.510000000000,0.010000000000
1395858045,583.510000000000,0.382945000000
1395858046,583.500000000000,2.000000000000
1395858049,583.500000000000,0.107904000000
1395858050,583.500000000000,0.667424000000
1395858050,583.103000000000,0.020014100000
1395858050,583.051000000000,0.010500000000
1395858050,583.050000000000,1.302060000000
1395858095,583.514000000000,0.292000000000
1395858096,583.050000000000,0.036659200000
1395858103,583.514000000000,0.010000000000
1395858117,583.050000000000,1.296550000000
1395858122,583.050000000000,3.060000000000
1395858122,583.050000000000,0.001168090000
1395858127,583.005000000000,0.015153600000
1395858140,583.514000000000,0.012000000000
1395858199,583.514000000000,0.300000000000
1395858204,583.005000000000,0.082306000000
1395858208,583.514000000000,0.255000000000
1395858213,583.005000000000,0.014217000000
1395858215,583.005000000000,0.137681000000
1395858226,583.514000000000,0.146055000000
1395858264,583.514000000000,0.143039000000
1395858264,583.770000000000,0.251000000000
1395858269,584.973000000000,0.012845300000
1395858270,584.973000000000,0.144816000000
1395858285,583.100000000000,0.100000000000
1395858296,583.005000000000,1.500000000000
1395858308,583.005000000000,3.678730000000
1395858311,583.005000000000,0.129000000000
1395858320,583.005000000000,0.281000000000
1395858323,583.005000000000,0.460000000000
1395858341,583.100000000000,0.012000000000
1395858342,583.100000000000,0.171000000000
1395858353,583.514000000000,0.047369200000
1395858355,583.005000000000,9.361370000000
1395858355,583.514000000000,0.638631000000
1395858374,583.005000000000,1.300860000000
1395858402,583.100000000000,0.010000000000
1395858402,583.100000000000,0.067173700000
1395858402,583.005000000000,3.932830000000
1395858405,583.005000000000,0.371413000000
1395858429,584.899000000000,0.071514200000
1395858429,584.898000000000,0.036599000000
1395858429,584.900000000000,0.012703600000
1395858429,584.900000000000,0.050183200000
1395858443,584.898000000000,0.071300000000
1395858443,584.896000000000,0.017100000000
1395858443,584.897000000000,0.027500000000
1395858444,584.898000000000,0.108351000000
1395858444,584.898000000000,0.051010700000
1395858450,583.005000000000,0.023623800000
1395858464,584.898000000000,0.010000000000
1395858491,583.005000000000,0.898763000000
1395858491,583.000000000000,0.020707600000
1395858491,583.005000000000,0.500000000000
1395858524,584.895000000000,0.010000000000
1395858711,583.948000000000,0.421000000000
1395858743,583.948000000000,0.567300000000
1395858793,582.891000000000,0.060147500000
1395858842,582.891000000000,1.400000000000
1395858855,582.891000000000,0.052531000000
1395858885,582.891000000000,0.962675000000
1395858885,582.892000000000,0.067923600000
1395858887,582.891000000000,1.356710000000
1395858897,583.000000000000,0.187000000000
1395858906,582.880000000000,0.030000000000
1395858907,582.880000000000,0.002703880000
1395858907,582.880000000000,0.510000000000
1395858909,582.879000000000,0.079400000000
1395858909,582.879000000000,0.510000000000
1395858909,582.879000000000,0.510000000000
1395858910,582.800000000000,0.033986300000
1395858944,583.949000000000,0.010000000000
1395858964,583.100000000000,0.030000000000
1395858987,582.800000000000,0.036013700000
1395858987,582.800000000000,0.129986000000
1395859001,582.704000000000,3.406180000000
1395859001,582.700000000000,3.463820000000
1395859001,582.737000000000,0.010000000000
1395859013,582.700000000000,10.000000000000
1395859076,583.100000000000,0.022260300000
1395859076,583.100000000000,0.100400000000
1395859079,583.100000000000,0.100400000000
1395859082,583.100000000000,0.100400000000
1395859084,583.100000000000,0.100400000000
1395859090,583.100000000000,0.100400000000
1395859097,583.100000000000,0.100400000000
1395859098,583.100000000000,0.018230000000
1395859139,583.100000000000,0.034343300000
1395859158,583.000000000000,0.289900000000
1395859158,583.100000000000,0.166000000000
1395859224,583.000000000000,0.824388000000
1395859243,583.100000000000,0.010000000000
1395859249,583.000000000000,0.100000000000
1395859255,583.000000000000,0.398534000000
1395859256,583.000000000000,1.000000000000
1395859281,582.700000000000,1.563620000000
1395859281,582.600000000000,1.526380000000
1395859281,582.670000000000,0.010000000000
1395859294,583.000000000000,0.011242400000
1395859305,582.600000000000,1.531210000000
1395859307,583.000000000000,0.343050000000
1395859327,583.000000000000,0.016000000000
1395859337,582.600000000000,0.290257000000
1395859344,583.000000000000,0.015913600000
1395859355,583.000000000000,0.117520000000
1395859356,583.000000000000,0.386206000000
1395859361,583.100000000000,0.296766000000
1395859364,582.600000000000,0.040000000000
1395859391,583.830000000000,0.469500000000
1395859391,583.900000000000,0.050000000000
1395859426,584.000000000000,0.109129000000
1395859454,583.000000000000,0.010000000000
1395859459,584.000000000000,0.049201900000
1395859481,583.000000000000,0.379000000000
1395859485,584.000000000000,0.511100000000
1395859532,584.799000000000,0.210800000000
1395859532,584.898000000000,0.195000000000
1395859532,584.900000000000,0.024191400000
1395859532,584.898000000000,0.058215400000
1395859532,584.000000000000,0.330569000000
1395859532,583.285000000000,0.011000000000
1395859532,584.770000000000,0.490224000000
1395859532,584.000000000000,0.200000000000
1395859578,584.000000000000,0.010000000000
1395859634,583.010000000000,0.010000000000
1395859749,583.010000000000,0.020000000000
1395859813,583.000000000000,0.280000000000
1395859875,584.000000000000,0.019700000000
1395859875,583.999000000000,0.029940000000
1395859884,584.000000000000,0.100000000000
1395859886,584.000000000000,0.021734700000
1395859892,584.000000000000,0.100000000000
1395859892,584.000000000000,0.092966100000
1395859921,585.000000000000,0.010524500000
1395859921,584.998000000000,0.044910000000
1395859921,584.000000000000,0.230000000000
1395859921,585.000000000000,0.210000000000
1395859921,584.900000000000,0.023105000000
1395859921,584.900000000000,2.500000000000
1395859921,584.899000000000,0.010500000000
1395859921,585.000000000000,0.026000000000
1395859921,585.000000000000,0.889828000000
1395859921,585.000000000000,0.662132000000
1395859943,585.000000000000,0.010000000000
1395860092,584.990000000000,0.297000000000
1395860094,584.990000000000,0.053770000000
1395860094,584.999000000000,0.876230000000
1395860302,584.500000000000,0.039000000000
1395860332,584.500000000000,0.044000000000
1395860342,584.500000000000,0.519640000000
1395860342,584.500000000000,0.002103070000
1395860345,584.500000000000,0.929702000000
1395860352,584.500000000000,0.338370000000
1395860364,584.500000000000,0.015084600000
1395860364,583.011000000000,1.000000000000
1395860364,584.500000000000,2.066770000000
1395860371,583.011000000000,0.014136800000
1395860391,583.011000000000,0.010000000000
1395860398,583.011000000000,1.500000000000
1395860409,583.011000000000,0.255511000000
1395860414,583.011000000000,0.010000000000
1395860418,583.011000000000,5.128490000000
1395860436,584.501000000000,0.011000000000
1395860469,584.501000000000,0.011000000000
1395860471,584.501000000000,0.099000000000
1395860496,584.989000000000,0.313947000000
1395860497,584.989000000000,0.100000000000
1395860509,584.989000000000,0.250000000000
1395860509,584.989000000000,0.001663300000
1395860643,583.012000000000,1.000000000000
1395860644,583.012000000000,1.000000000000
1395860647,583.012000000000,0.020555800000
1395860650,583.012000000000,0.039111600000
1395860679,584.979000000000,0.057891200000
1395860686,583.010000000000,0.029529500000
1395860694,583.010000000000,0.052882100000
1395860756,583.010000000000,0.114255000000
1395860828,583.510000000000,0.032100000000
1395860830,584.979000000000,0.499000000000
1395860831,584.979000000000,0.210200000000
1395860867,583.500000000000,0.010000000000
1395860910,584.900000000000,0.024140300000
1395860910,583.500000000000,0.001559710000
1395860951,583.020000000000,0.033200000000
1395860997,584.900000000000,0.004546110000
1395860997,584.900000000000,0.012643900000
1395861035,584.900000000000,0.029000000000
1395861070,583.030000000000,0.171518000000
1395861071,583.030000000000,0.000464950000
1395861071,583.030000000000,0.200000000000
1395861110,583.020000000000,0.011000000000
1395861115,583.922000000000,0.011000000000
1395861115,584.900000000000,0.015400000000
1395861141,582.209000000000,0.630105000000
1395861141,582.210000000000,0.010500000000
1395861141,582.241000000000,0.010000000000
1395861141,582.764000000000,0.030000000000
1395861141,582.241000000000,0.010000000000
1395861141,582.241000000000,0.010000000000
1395861141,582.241000000000,0.010000000000
1395861141,582.241000000000,0.010000000000
1395861141,582.600000000000,1.261060000000
1395861141,582.563000000000,0.011000000000
1395861141,582.241000000000,0.010000000000
1395861141,583.000000000000,0.049602300000
1395861141,582.489000000000,0.020000000000
1395861141,583.020000000000,0.247800000000
1395861141,582.356000000000,0.030000000000
1395861141,583.000000000000,0.515000000000
1395861141,583.000000000000,0.631000000000
1395861141,583.010000000000,0.010000000000
1395861141,583.020000000000,2.000000000000
1395861141,583.010000000000,0.803334000000
1395861203,584.900000000000,0.045000000000
1395861315,583.019000000000,0.115768000000
1395861321,584.000000000000,0.108351000000
1395861359,584.000000000000,0.043000000000
1395861379,584.000000000000,0.140361000000
1395861388,584.000000000000,2.000000000000
1395861428,584.000000000000,1.957720000000
1395861437,584.000000000000,0.549188000000
1395861437,584.000000000000,0.450612000000
1395861522,584.888000000000,0.010500000000
1395861522,584.889000000000,0.005700000000
1395861536,584.889000000000,0.020673200000
1395861601,584.890000000000,0.081000000000
1395861602,584.100000000000,0.400000000000
1395861606,584.100000000000,0.600000000000
1395861607,584.100000000000,0.044500000000
1395861632,584.100000000000,0.050500000000
1395861634,584.100000000000,0.550000000000
1395861641,584.100000000000,0.400000000000
1395861644,584.100000000000,2.937500000000
1395861644,583.019000000000,0.062500000000
1395861747,584.890000000000,0.119070000000
1395861853,582.221000000000,0.010500000000
1395861853,582.356000000000,0.030000000000
1395861853,582.553000000000,0.011000000000
1395861853,583.018000000000,0.034400000000
1395861853,583.020000000000,0.106851000000
1395861853,582.220000000000,1.717250000000
1395861890,582.010000000000,0.864795000000
1395861890,582.011000000000,0.010500000000
1395861890,582.209000000000,0.369895000000
1395861890,582.220000000000,0.282751000000
1395861890,582.020000000000,1.000000000000
1395861890,582.209000000000,0.010000000000
1395861890,582.020000000000,0.010000000000
1395861890,582.205000000000,0.061522100000
1395861890,582.205000000000,0.300000000000
1395861901,584.340000000000,0.092850500000
1395861901,583.020000000000,0.016500000000
1395861901,583.020000000000,0.031932000000
1395861914,584.551000000000,0.136317000000
1395861914,584.551000000000,0.050000000000
1395861914,584.340000000000,0.047149500000
1395861931,582.020000000000,0.033806800000
1395861968,584.551000000000,0.023936500000
1395861992,582.020000000000,0.820027000000
1395861992,582.020000000000,0.966193000000
1395862001,582.020000000000,0.179973000000
1395862002,582.020000000000,0.030000000000
1395862002,582.010000000000,0.200000000000
1395862004,582.020000000000,0.082164300000
1395862012,582.020000000000,0.017862900000
1395862028,582.020000000000,0.012300000000
1395862042,584.341000000000,0.012391800000
1395862067,582.031000000000,0.015054400000
1395862108,582.036000000000,0.483277000000
1395862121,584.366000000000,0.140000000000
1395862121,584.341000000000,0.011000000000
1395862121,584.551000000000,0.039746000000
1395862121,584.878000000000,0.021000000000
1395862121,584.551000000000,0.011000000000
1395862121,584.879000000000,0.009718870000
1395862133,582.036000000000,0.004400000000
1395862133,582.037000000000,0.021000000000
1395862249,584.878000000000,0.021000000000
1395862250,584.878000000000,1.000000000000
1395862251,584.879000000000,0.010000000000
1395862251,584.878000000000,0.340833000000
1395862253,584.879000000000,1.030280000000
1395862253,584.880000000000,0.258600000000
1395862253,584.888000000000,0.178119000000
1395862262,584.341000000000,0.021040400000
1395862269,584.888000000000,0.954000000000
1395862269,584.887000000000,1.050000000000
1395862300,584.887000000000,0.034200000000
1395862351,584.341000000000,0.013959600000
1395862359,584.341000000000,0.292473000000
1395862398,584.341000000000,0.002395330000
1395862398,584.341000000000,0.200000000000
1395862398,584.341000000000,0.043645000000
1395862398,584.341000000000,0.013959600000
1395862442,584.341000000000,0.203407000000
1395862466,584.341000000000,0.230461000000
1395862471,584.341000000000,0.067500000000
1395862506,582.588000000000,0.010000000000
1395862506,582.588000000000,0.010000000000
1395862506,582.588000000000,0.010000000000
1395862507,582.588000000000,0.369000000000
1395862510,584.341000000000,0.268800000000
1395862513,584.873000000000,0.050000000000
1395862513,584.341000000000,0.205626000000
1395862513,584.888000000000,0.378642000000
1395862522,583.133000000000,0.010000000000
1395862535,584.888000000000,0.369161000000
1395862536,584.888000000000,0.003838750000
1395862536,584.888000000000,0.130000000000
1395862611,584.980000000000,0.194231000000
1395862611,584.900000000000,0.028000000000
1395862611,584.900000000000,0.800572000000
1395862611,584.890000000000,0.825568000000
1395862611,584.882000000000,0.010000000000
1395862633,584.988000000000,0.200000000000
1395862663,584.000000000000,0.010000000000
1395862673,584.988000000000,0.675811000000
1395862698,584.000000000000,0.018444100000
1395862743,584.000000000000,0.014076200000
1395862766,584.000000000000,0.344500000000
1395862780,584.000000000000,0.925000000000
1395862913,584.551000000000,0.063000000000
1395862930,584.551000000000,0.146293000000
1395862931,584.551000000000,0.013900000000
1395862947,584.549000000000,0.170100000000
1395862978,584.000000000000,0.127700000000
1395862996,584.000000000000,0.010000000000
1395863039,584.000000000000,0.030331600000
1395863041,584.000000000000,0.255000000000
1395863057,584.000000000000,0.160363000000
1395863069,584.000000000000,0.104585000000
1395863111,584.549000000000,0.017107200000
1395863255,584.549000000000,0.073146300000
1395863261,584.500000000000,0.040000000000
1395863299,583.551000000000,0.026000000000
1395863300,583.551000000000,0.210000000000
1395863307,583.551000000000,0.150086000000
1395863307,584.549000000000,0.099412900000
1395863311,583.551000000000,0.001885640000
1395863311,583.551000000000,0.020000000000
1395863314,584.549000000000,0.010000000000
1395863337,584.549000000000,0.010000000000
1395863358,583.225000000000,0.010000000000
1395863363,583.225000000000,0.020040100000
1395863417,583.225000000000,0.500000000000
1395863447,582.252000000000,0.028570100000
1395863447,582.252000000000,0.471430000000
1395863461,582.261000000000,0.010500000000
1395863461,582.260000000000,0.389500000000
1395863560,582.998000000000,0.191700000000
1395863563,582.260000000000,0.061295800000
1395863576,582.998000000000,0.049000000000
1395863638,582.998000000000,0.066000000000
1395863640,582.260000000000,0.077774300000
1395863665,582.260000000000,0.154000000000
1395863672,582.260000000000,0.226000000000
1395863705,582.258000000000,0.050100200000
1395863709,582.258000000000,2.923000000000
1395863710,582.130000000000,1.077890000000
1395863710,582.200000000000,0.062800000000
1395863718,582.258000000000,0.086650000000
1395863721,582.213000000000,0.078259800000
1395863751,582.213000000000,0.028303100000
1395863758,582.213000000000,0.019700000000
1395863764,582.213000000000,0.351137000000
1395863764,582.258000000000,0.160663000000
1395863781,582.258000000000,0.034068100000
1395863792,582.258000000000,0.116232000000
1395863799,582.258000000000,0.102000000000
1395863826,582.258000000000,0.153307000000
1395863847,582.258000000000,0.011158000000
1395863895,582.258000000000,5.000000000000
1395863897,582.258000000000,0.443242000000
1395863898,582.258000000000,0.206000000000
1395863898,582.258000000000,0.010000000000
1395863906,582.258000000000,0.020895900000
1395863908,582.258000000000,0.000895860000
1395863908,582.258000000000,0.020000000000
1395863948,583.000000000000,0.104208000000
1395864005,582.859000000000,0.062000000000
1395864006,582.859000000000,0.520000000000
1395864006,582.859000000000,0.001000000000
1395864009,583.000000000000,0.712000000000
1395864014,583.000000000000,0.899000000000
1395864031,583.000000000000,0.030000000000
1395864038,582.221000000000,0.629559000000
1395864084,582.221000000000,0.059946600000
1395864121,582.221000000000,0.044768800000
1395864124,582.999000000000,0.100200000000
1395864131,582.221000000000,0.398646000000
1395864131,582.999000000000,0.010000000000
1395864132,582.221000000000,0.781354000000
1395864135,583.000000000000,0.037074100000
1395864149,582.220000000000,0.010000000000
1395864168,583.000000000000,0.100200000000
1395864192,583.000000000000,0.110220000000
1395864252,582.230000000000,0.250000000000
1395864256,583.000000000000,0.084150000000
1395864338,582.230000000000,0.017200000000
1395864366,582.250000000000,0.341595000000
1395864386,583.000000000000,0.349947000000
1395864386,583.000000000000,0.349247000000
1395864386,583.000000000000,0.223084000000
1395864386,583.000000000000,0.119141000000
1395864386,583.000000000000,0.349947000000
1395864388,583.000000000000,0.100230000000
1395864388,583.000000000000,0.249747000000
1395864389,583.000000000000,0.030000000000
1395864417,583.225000000000,0.053106200000
1395864426,583.225000000000,0.446894000000
1395864426,583.225000000000,0.290000000000
1395864445,584.000000000000,0.421500000000
1395864491,584.551000000000,0.276807000000
1395864509,584.749000000000,0.010000000000
1395864511,584.749000000000,0.500000000000
1395864515,584.749000000000,0.903343000000
1395864518,584.749000000000,0.010000000000
1395864542,584.769000000000,0.010500000000
1395864542,584.749000000000,0.010000000000
1395864542,584.770000000000,0.760766000000
1395864547,584.770000000000,0.663000000000
1395864558,584.769000000000,0.019300000000
1395864581,584.770000000000,0.576234000000
1395864582,584.770000000000,0.500000000000
1395864598,584.950000000000,0.040000000000
1395864602,584.950000000000,0.010638300000
1395864614,584.980000000000,0.172779000000
1395864630,584.987000000000,0.010500000000
1395864631,584.987000000000,0.441288000000
1395864631,584.988000000000,0.950000000000
1395864638,584.979000000000,0.102700000000
1395864647,584.950000000000,0.088616600000
1395864668,584.987000000000,0.030000000000
1395864668,584.988000000000,1.583610000000
1395864668,584.988000000000,2.034190000000
1395864684,583.817000000000,0.020000000000
1395864776,584.988000000000,0.165704000000
1395864780,583.234000000000,0.020000000000
1395864780,583.233000000000,0.020000000000
1395864780,583.000000000000,0.040000000000
1395864801,584.980000000000,0.014948400000
1395864807,583.234000000000,0.010000000000
1395864863,584.001000000000,0.010000000000
1395864883,584.001000000000,0.010000000000
1395864919,584.001000000000,0.010000000000
1395864939,584.001000000000,0.003490000000
1395864970,584.001000000000,3.075510000000
1395864986,584.980000000000,0.072363900000
1395864994,584.980000000000,0.236236000000
1395865011,584.980000000000,0.000000010000
1395865072,583.234000000000,0.010000000000
1395865074,584.988000000000,0.067000000000
1395865104,584.988000000000,0.010000000000
1395865154,584.988000000000,0.009347650000
1395865154,584.988000000000,0.016966000000
1395865154,584.988000000000,0.172783000000
1395865166,583.234000000000,0.020000000000
1395865167,583.234000000000,0.026088100000
1395865192,584.988000000000,0.040100000000
1395865193,584.988000000000,0.071639400000
1395865232,584.988000000000,0.178913000000
1395865242,584.988000000000,0.010000000000
1395865260,584.988000000000,0.011087000000
1395865278,584.988000000000,0.000000010000
1395865305,583.234000000000,0.010000000000
1395865368,584.988000000000,0.020000000000
1395865435,583.234000000000,0.010000000000
1395865436,583.234000000000,0.004359870000
1395865436,583.234000000000,0.980000000000
1395865595,584.988000000000,0.351469000000
1395865601,584.988000000000,0.040100000000
1395865702,584.000000000000,0.518904000000
1395865702,584.000000000000,0.028000000000
1395865759,583.001000000000,0.171100000000
1395865778,583.001000000000,0.032000000000
1395865796,583.001000000000,0.101202000000
1395865799,583.000000000000,0.030230100000
1395865800,583.000000000000,0.069769900000
1395865802,582.995000000000,0.010000000000
1395865804,582.953000000000,0.045000000000
1395865804,583.001000000000,0.170000000000
1395865823,583.001000000000,0.171000000000
1395865861,583.001000000000,0.170209000000
1395865877,583.001000000000,0.133267000000
1395865882,583.001000000000,0.011347700000
1395865918,582.252000000000,0.010500000000
1395865918,582.251000000000,0.010000000000
1395865922,582.251000000000,0.269300000000
1395865923,582.251000000000,0.269300000000
1395865923,582.251000000000,0.110000000000
1395865923,582.251000000000,0.159300000000
1395865929,583.001000000000,0.170341000000
1395865963,582.250000000000,0.020000000000
1395865965,582.250000000000,0.127200000000
1395865967,582.250000000000,0.004400000000
1395865967,582.250000000000,0.122800000000
1395865967,582.250000000000,0.127200000000
1395865975,582.250000000000,0.080000000000
1395865977,582.250000000000,0.080000000000
1395865977,582.250000000000,0.080000000000
1395865978,582.210000000000,1.000000000000
1395865978,582.220000000000,0.870000000000
1395865978,582.230000000000,0.732800000000
1395865978,582.213000000000,0.279600000000
1395865978,582.231000000000,0.010500000000
1395865979,582.200000000000,1.000000000000
1395865979,582.200000000000,0.736077000000
1395865980,582.200000000000,0.831818000000
1395865986,582.200000000000,0.362732000000
1395865988,582.200000000000,0.206000000000
1395865993,582.200000000000,0.362878000000
1395865996,582.200000000000,0.363025000000
1395865997,582.200000000000,0.515029000000
1395865999,582.200000000000,0.206000000000
1395866010,582.200000000000,0.032000000000
1395866012,582.200000000000,0.363171000000
1395866048,582.200000000000,0.500000000000
1395866051,582.200000000000,0.153307000000
1395866069,582.200000000000,0.361098000000
1395866077,582.200000000000,0.153307000000
1395866128,582.200000000000,0.100000000000
1395866137,582.200000000000,0.356975000000
1395866139,582.200000000000,0.100000000000
1395866139,583.001000000000,0.082164300000
1395866140,582.200000000000,1.000000000000
1395866181,583.000000000000,0.120240000000
1395866292,583.000000000000,1.000000000000
1395866351,582.210000000000,0.017480600000
1395866449,583.000000000000,0.010000000000
1395866527,582.210000000000,0.143075000000
1395866545,582.200000000000,0.249373000000
1395866614,583.000000000000,0.131263000000
1395866749,583.000000000000,0.738497000000
1395866750,583.000000000000,1.180000000000
1395866750,583.000000000000,1.000000000000
1395866781,583.958000000000,0.018739300000
1395866781,583.958000000000,0.020000000000
1395866826,584.250000000000,0.010000000000
1395866840,584.000000000000,0.910000000000
1395866861,584.000000000000,0.010000000000
1395866865,584.459000000000,0.010000000000
1395866865,584.250000000000,1.179170000000
1395866865,584.250000000000,0.010000000000
1395866881,584.459000000000,0.010000000000
1395866902,584.459000000000,0.096627800000
1395866941,584.988000000000,2.329740000000
1395866941,584.971000000000,2.633750000000
1395866941,584.970000000000,0.021000000000
1395866941,584.784000000000,0.015516600000
1395866942,583.000000000000,0.050566100000
1395866942,583.000000000000,0.100000000000
1395866942,583.000000000000,0.280000000000
1395866947,584.784000000000,0.024558100000
1395867017,583.000000000000,0.000000010000
1395867017,584.459000000000,0.033460000000
1395867041,583.000000000000,0.048760000000
1395867041,583.000000000000,0.051640000000
1395867115,583.000000000000,0.103553000000
1395867118,583.000000000000,0.546447000000
1395867163,582.998000000000,0.010000000000
1395867163,582.036000000000,0.251490000000
1395867163,582.650000000000,0.011000000000
1395867163,582.038000000000,0.010500000000
1395867163,582.998000000000,0.033550000000
1395867163,582.199000000000,0.049910000000
1395867163,582.500000000000,0.550000000000
1395867163,582.998000000000,0.033550000000
1395867163,582.650000000000,0.050000000000
1395867280,583.234000000000,0.020000000000
1395867296,583.234000000000,0.024048100000
1395867304,582.036000000000,0.260833000000
1395867334,582.036000000000,0.534674000000
1395867348,582.010000000000,0.719500000000
1395867348,582.012000000000,0.010500000000
1395867348,582.011000000000,0.270000000000
1395867353,582.036000000000,0.204493000000
1395867370,582.010000000000,0.510000000000
1395867403,583.234000000000,0.010000000000
1395867472,583.234000000000,0.079003600000
1395867472,583.234000000000,0.110952000000
1395867482,583.234000000000,0.151303000000
1395867493,583.234000000000,0.154309000000
1395867496,583.234000000000,0.142000000000
1395867498,582.020000000000,2.139010000000
1395867498,582.020000000000,1.137580000000
1395867498,582.020000000000,0.206000000000
1395867518,583.234000000000,0.010000000000
1395867535,582.750000000000,0.259000000000
1395867581,583.234000000000,0.146017000000
1395867581,583.491000000000,0.010000000000
1395867581,583.759000000000,4.721330000000
1395867581,583.759000000000,0.020000000000
1395867581,583.757000000000,0.020000000000
1395867594,583.759000000000,0.408897000000
1395867599,583.759000000000,0.040000000000
1395867600,583.759000000000,0.113346000000
1395867601,583.759000000000,0.047000000000
1395867632,583.760000000000,0.010000000000
1395867644,584.020000000000,0.532733000000
1395867660,584.020000000000,2.066280000000
1395867661,582.010000000000,0.020000000000
1395867661,582.000000000000,7.057060000000
1395867661,582.010000000000,7.638480000000
1395867661,582.010000000000,0.010000000000
1395867661,582.036000000000,0.204000000000
1395867661,582.000000000000,0.500000000000
1395867661,582.000000000000,0.100000000000
1395867661,582.646000000000,0.050000000000
1395867661,582.001000000000,17.100000000000
1395867661,583.234000000000,0.103000000000
1395867661,582.770000000000,0.100000000000
1395867661,582.007000000000,0.030000000000
1395867661,582.646000000000,0.010100000000
1395867661,583.230000000000,0.011080000000
1395867679,584.984000000000,0.140000000000
1395867679,584.983000000000,0.010500000000
1395867679,584.983000000000,0.010500000000
1395867724,581.746000000000,0.010000000000
1395867724,581.850000000000,0.047228200000
1395867724,581.746000000000,0.010000000000
1395867724,581.940000000000,0.011088900000
1395867724,581.746000000000,0.010000000000
1395867724,581.950000000000,0.029940000000
1395867724,582.000000000000,0.010000000000
1395867724,583.229000000000,0.020000000000
1395867724,582.000000000000,2.942940000000
1395867724,582.000000000000,0.740000000000
1395867724,582.001000000000,0.014323700000
1395867724,582.002000000000,0.010500000000
1395867724,582.645000000000,0.010100000000
1395867724,581.746000000000,0.010000000000
1395867724,581.746000000000,0.010000000000
1395867724,581.746000000000,0.010000000000
1395867724,581.647000000000,0.103879000000
1395867750,581.282000000000,0.011000000000
1395867750,581.647000000000,0.124011000000
1395867750,581.427000000000,0.010100000000
1395867750,581.250000000000,0.010000000000
1395867750,581.543000000000,0.010000000000
1395867750,581.251000000000,0.010000000000
1395867750,581.250000000000,0.010000000000
1395867750,581.282000000000,0.010948700000
1395867750,581.485000000000,0.020000000000
1395867750,581.384000000000,0.010000000000
1395867750,581.250000000000,0.010000000000
1395867750,581.541000000000,0.030000000000
1395867750,581.543000000000,0.010000000000
1395867750,581.250000000000,0.009288130000
1395867750,581.289000000000,0.010000000000
1395867750,581.543000000000,0.010000000000
1395867750,581.564000000000,0.125739000000
1395867750,581.350000000000,0.010000000000
1395867759,583.976000000000,0.029058100000
1395867769,582.703000000000,0.010000000000
1395867803,584.900000000000,0.014295100000
1395867803,583.976000000000,0.011000000000
1395867803,584.950000000000,1.752560000000
1395867803,583.976000000000,0.020941900000
1395867803,583.577000000000,0.140000000000
1395867803,584.160000000000,0.010000000000
1395867803,584.000000000000,0.051200000000
1395867819,584.690000000000,0.030000000000
1395867821,584.690000000000,0.002000000000
1395867851,584.948000000000,0.010500000000
1395867851,584.949000000000,0.237180000000
1395867873,583.488000000000,0.010000000000
1395867914,583.228000000000,0.010000000000
1395867974,583.228000000000,0.057468300000
1395867974,583.228000000000,0.682532000000
1395868006,584.686000000000,0.010000000000
1395868008,584.686000000000,0.004098510000
1395868033,583.228000000000,0.010400000000
1395868063,583.228000000000,0.100000000000
1395868151,584.000000000000,0.031000000000
1395868161,583.224000000000,0.010000000000
1395868169,582.613000000000,0.010400000000
1395868181,582.613000000000,0.059000000000
1395868198,581.541000000000,0.030000000000
1395868202,582.613000000000,0.032000000000
1395868211,583.287000000000,0.018000000000
1395868213,581.541000000000,0.197820000000
1395868220,581.541000000000,0.090000000000
1395868241,584.100000000000,0.052636900000
1395868241,584.000000000000,0.032363100000
1395868241,583.869000000000,0.050000000000
1395868241,583.287000000000,0.002000000000
1395868241,583.864000000000,0.050000000000
1395868249,584.100000000000,0.120281000000
1395868249,583.282000000000,0.020000000000
1395868252,581.536000000000,0.010100000000
1395868252,581.536000000000,0.050000000000
1395868252,581.536000000000,0.000231380000
1395868281,584.100000000000,0.011062100000
1395868281,583.287000000000,0.020000000000
1395868351,581.538000000000,0.020000000000
1395868384,581.250000000000,0.000711870000
1395868384,581.251000000000,0.010500000000
1395868384,581.538000000000,0.019000000000
1395868384,581.250000000000,0.010000000000
1395868384,581.250000000000,0.010000000000
1395868384,581.228000000000,0.014000000000
1395868384,581.250000000000,0.010000000000
1395868384,581.096000000000,0.000188760000
1395868384,581.177000000000,0.010000000000
1395868384,581.192000000000,0.030000000000
1395868384,581.246000000000,0.010000000000
1395868384,581.536000000000,0.010768600000
1395868384,581.180000000000,0.044830800000
1395868385,581.009000000000,0.465709000000
1395868385,581.010000000000,0.021000000000
1395868385,581.096000000000,0.053290600000
1395868411,583.000000000000,0.153327000000
1395868411,582.462000000000,0.010000000000
1395868446,581.010000000000,0.010500000000
1395868448,581.010000000000,0.019500000000
1395868468,583.284000000000,0.020000000000
1395868468,582.462000000000,0.010000000000
1395868468,584.081000000000,0.214395000000
1395868468,583.282000000000,0.020000000000
1395868468,583.000000000000,0.182505000000
1395868468,583.864000000000,0.010100000000
1395868480,581.747000000000,0.010608500000
1395868508,582.753000000000,0.020000000000
1395868511,581.747000000000,0.022310300000
1395868511,581.747000000000,0.016150100000
1395868511,581.747000000000,0.016150100000
1395868511,581.748000000000,0.016995400000
1395868511,581.747000000000,0.039391500000
1395868511,581.747000000000,0.016085500000
1395868514,581.747000000000,0.002657070000
1395868566,581.747000000000,0.019100000000
1395868574,581.747000000000,0.023388800000
1395868594,581.666000000000,0.093944300000
1395868647,581.666000000000,1.000000000000
1395868656,581.747000000000,0.000011220000
1395868824,581.747000000000,0.173962000000
1395868859,581.747000000000,0.011784000000
1395868870,581.747000000000,0.051275400000
1395868959,581.666000000000,0.033638100000
1395868959,581.747000000000,0.066361900000
1395868964,583.300000000000,0.022400000000
1395868999,581.747000000000,0.140000000000
1395869020,581.747000000000,0.100000000000
1395869067,581.747000000000,0.279000000000
1395869098,583.297000000000,0.020000000000
1395869189,583.300000000000,0.012907900000
1395869204,583.297000000000,0.005000000000
1395869205,583.297000000000,0.009999990000
1395869205,583.297000000000,0.014000000000
1395869206,583.297000000000,0.000000010000
1395869216,583.493000000000,0.020000000000
1395869225,583.493000000000,0.012350500000
1395869233,584.000000000000,0.042670300000
1395869233,583.995000000000,0.011000000000
1395869233,583.999000000000,0.010500000000
1395869233,583.994000000000,0.021000000000
1395869249,583.493000000000,0.002149510000
1395869262,583.297000000000,0.020455400000
1395869262,583.297000000000,0.024000000000
1395869266,583.493000000000,0.039525000000
1395869279,584.000000000000,0.230680000000
1395869333,583.297000000000,0.003544550000
1395869343,583.297000000000,0.038682600000
1395869353,583.297000000000,0.046235000000
1395869353,583.297000000000,0.514061000000
1395869353,583.297000000000,0.046248400000
1395869354,583.297000000000,0.351228000000
1395869403,583.361000000000,0.025050100000
1395869436,583.297000000000,0.010057300000
1395869486,583.361000000000,0.016949900000
1395869488,584.000000000000,0.079974800000
1395869502,583.297000000000,0.194943000000
1395869513,582.120000000000,0.059930000000
1395869547,582.120000000000,0.145000000000
1395869562,582.120000000000,0.010000000000
1395869562,582.120000000000,0.010000000000
1395869563,582.120000000000,0.010000000000
1395869563,582.120000000000,0.010000000000
1395869563,582.120000000000,0.010000000000
1395869564,582.120000000000,0.010000000000
1395869564,582.120000000000,0.010000000000
1395869565,582.120000000000,0.010000000000
1395869565,582.120000000000,0.010000000000
1395869565,582.120000000000,0.010000000000
1395869566,582.120000000000,0.010000000000
1395869566,582.120000000000,0.010000000000
1395869566,582.120000000000,0.010000000000
1395869622,583.120000000000,0.051447400000
1395869654,583.120000000000,0.042000000000
1395869663,583.296000000000,1.911670000000
1395869663,583.297000000000,1.841360000000
1395869663,583.297000000000,0.805057000000
1395869663,583.120000000000,0.886917000000
1395869674,583.120000000000,0.028000000000
1395869701,583.000000000000,0.053193400000
1395869702,581.000000000000,0.350000000000
1395869702,582.120000000000,0.575070000000
1395869702,581.005000000000,0.880000000000
1395869702,582.000000000000,1.002000000000
1395869702,581.612000000000,0.020000000000
1395869702,581.009000000000,3.150000000000
1395869702,581.009000000000,0.010021000000
1395869702,581.560000000000,0.228803000000
1395869702,581.716000000000,0.030000000000
1395869702,581.252000000000,0.020000000000
1395869702,581.010000000000,0.021000000000
1395869702,581.192000000000,0.030000000000
1395869702,581.000000000000,0.480227000000
1395869702,581.000000000000,0.680000000000
1395869702,581.000000000000,1.600000000000
1395869702,581.001000000000,1.000000000000
1395869702,581.002000000000,0.025700000000
1395869702,581.000000000000,0.040000000000
1395869702,581.002000000000,0.099100000000
1395869702,581.000000000000,0.032000000000
1395869702,581.000000000000,1.040000000000
1395869712,583.000000000000,0.000106600000
1395869712,583.297000000000,0.155204000000
1395869757,583.297000000000,0.047000000000
1395869772,583.297000000000,0.160321000000
1395869787,583.297000000000,0.130116000000
1395869830,581.031000000000,0.002000000000
1395869830,581.252000000000,0.020000000000
1395869830,583.000000000000,0.028000000000
1395869838,581.548000000000,0.020000000000
1395869923,583.290000000000,0.570000000000
1395869929,581.548000000000,0.020000000000
1395869930,581.548000000000,0.423200000000
1395869952,583.290000000000,0.031000000000
1395870103,583.290000000000,0.338700000000
1395870200,583.000000000000,0.053870600000
1395870202,583.000000000000,0.001166550000
1395870203,583.250000000000,0.660000000000
1395870204,583.250000000000,0.047376100000
1395870207,583.250000000000,0.761000000000
1395870236,583.250000000000,0.026623900000
1395870245,583.250000000000,0.084000000000
1395870261,583.290000000000,0.484300000000
1395870282,583.290000000000,0.036100000000
1395870282,583.297000000000,0.965900000000
1395870317,583.297000000000,0.180000000000
1395870363,583.000000000000,0.099800000000
1395870407,583.000000000000,0.051000000000
1395870418,583.000000000000,0.070000000000
1395870430,583.000000000000,0.041166300000
1395870473,583.000000000000,0.080677600000
1395870473,583.000000000000,0.488034000000
1395870499,581.541000000000,0.020000000000
1395870500,581.541000000000,0.035400000000
1395870501,583.000000000000,0.035400000000
1395870504,583.000000000000,0.035400000000
1395870508,583.200000000000,0.080000000000
1395870508,583.000000000000,0.140489000000
1395870508,583.297000000000,0.301555000000
1395870520,583.000000000000,0.011089600000
1395870566,583.000000000000,0.009315420000
1395870600,581.551000000000,0.506456000000
1395870600,581.552000000000,0.092344500000
1395870645,583.000000000000,0.010000000000
1395870704,582.998000000000,0.033545000000
1395870727,582.998000000000,0.000005000000
1395870769,582.998000000000,0.010000000000
1395870773,582.998000000000,0.010712400000
1395870857,582.998000000000,0.055000000000
1395870857,582.998000000000,0.022837600000
1395870861,582.998000000000,0.088557100000
1395870866,582.998000000000,0.028201300000
1395870867,582.998000000000,0.045783300000
1395870867,582.998000000000,0.045783300000
1395870868,582.998000000000,0.046000000000
1395870869,582.998000000000,0.010000000000
1395870874,581.559000000000,0.037105600000
1395870883,583.000000000000,0.003849640000
1395870883,582.998000000000,0.035737600000
1395870883,583.000000000000,0.000000010000
1395870936,583.297000000000,0.073859700000
1395870973,583.297000000000,0.037000000000
1395870995,582.999000000000,0.040000000000
1395871015,583.297000000000,0.028190800000
1395871064,583.297000000000,0.202330000000
1395871112,583.297000000000,0.026555100000
1395871115,582.998000000000,0.036000000000
1395871124,582.998000000000,0.028244500000
1395871133,582.500000000000,0.153124000000
1395871133,581.559000000000,0.034238000000
1395871133,581.557000000000,0.812638000000
1395871137,582.500000000000,0.010000000000
1395871143,582.998000000000,0.510000000000
1395871240,581.557000000000,1.175060000000
1395871242,581.557000000000,0.600590000000
1395871242,581.557000000000,0.424851000000
1395871244,581.548000000000,0.020000000000
1395871244,581.541000000000,0.108200000000
1395871412,582.995000000000,0.010000000000
1395871419,582.998000000000,0.010000000000
1395871427,582.995000000000,0.010000000000
1395871431,582.998000000000,0.010000000000
1395871470,582.998000000000,0.010000000000
1395871475,582.998000000000,0.028056100000
1395871480,582.998000000000,0.010000000000
1395871481,582.998000000000,0.010000000000
1395871485,582.998000000000,0.010000000000
1395871487,582.998000000000,0.010000000000
1395871488,582.998000000000,0.010000000000
1395871489,582.998000000000,0.010000000000
1395871490,582.998000000000,0.010000000000
1395871491,582.998000000000,0.010000000000
1395871492,582.998000000000,0.010000000000
1395871493,582.998000000000,0.010000000000
1395871494,582.998000000000,0.010000000000
1395871516,582.995000000000,0.020000000000
1395871520,582.998000000000,0.172000000000
1395871544,583.886000000000,0.010400000000
1395871544,583.895000000000,0.214509000000
1395871544,583.297000000000,0.000010520000
1395871544,583.999000000000,0.129421000000
1395871544,583.998000000000,0.021000000000
1395871544,583.304000000000,0.020000000000
1395871544,583.119000000000,0.036000000000
1395871544,583.300000000000,0.600000000000
1395871544,583.297000000000,0.020960000000
1395871544,582.998000000000,0.085699400000
1395871595,584.000000000000,0.070000000000
1395871613,584.000000000000,0.029000000000
1395871694,584.000000000000,0.143094000000
1395871695,582.996000000000,0.010000000000
1395871695,582.996000000000,0.010000000000
1395871695,582.996000000000,0.010000000000
1395871696,582.995000000000,0.010000000000
1395871696,582.995000000000,0.010000000000
1395871696,582.996000000000,0.010000000000
1395871697,582.995000000000,0.010000000000
1395871697,582.995000000000,0.010000000000
1395871697,582.995000000000,0.010000000000
1395871698,582.995000000000,0.010000000000
1395871698,582.995000000000,0.010000000000
1395871698,582.995000000000,0.010000000000
1395871698,582.995000000000,0.010000000000
1395871714,584.000000000000,0.010000000000
1395871715,584.000000000000,0.010000000000
1395871718,584.000000000000,0.010000000000
1395871719,584.000000000000,0.010000000000
1395871720,584.000000000000,0.010000000000
1395871721,584.000000000000,0.010000000000
1395871722,584.000000000000,0.010000000000
1395871725,584.000000000000,0.010000000000
1395871726,582.995000000000,0.010000000000
1395871726,582.995000000000,0.010000000000
1395871726,582.995000000000,0.010000000000
1395871726,584.000000000000,0.010000000000
1395871727,582.995000000000,0.010000000000
1395871727,582.995000000000,0.010000000000
1395871727,582.995000000000,0.010000000000
1395871728,582.995000000000,0.010000000000
1395871728,582.995000000000,0.010000000000
1395871729,582.995000000000,0.010000000000
1395871732,584.000000000000,0.010000000000
1395871733,584.000000000000,0.010000000000
1395871734,584.000000000000,0.010000000000
1395871735,584.000000000000,0.010000000000
1395871736,584.000000000000,0.010000000000
1395871737,584.000000000000,0.010000000000
1395871738,584.000000000000,0.010000000000
1395871743,584.000000000000,0.010000000000
1395871744,584.000000000000,0.010000000000
1395871745,584.000000000000,0.010000000000
1395871746,584.000000000000,0.010000000000
1395871746,584.000000000000,0.010000000000
1395871749,584.000000000000,0.010000000000
1395871754,582.995000000000,0.020000000000
1395871787,582.995000000000,0.010000000000
1395871805,582.995000000000,0.007292090000
1395871907,582.001000000000,2.000000000000
1395872023,582.000000000000,0.200000000000
1395872025,581.601000000000,0.010000000000
1395872052,582.995000000000,0.002707910000
1395872052,583.347000000000,0.017291900000
1395872053,583.748000000000,0.020000000000
1395872053,584.000000000000,0.003346150000
1395872053,584.000000000000,0.026078700000
1395872053,583.347000000000,0.002708070000
1395872054,582.995000000000,0.036782100000
1395872054,582.995000000000,0.017152000000
1395872054,582.996000000000,0.026065900000
1395872066,583.348000000000,0.473549000000
1395872084,583.347000000000,0.010000000000
1395872101,583.347000000000,0.195000000000
1395872101,583.347000000000,0.020000000000
1395872103,583.347000000000,0.000000010000
1395872126,583.347000000000,0.061122200000
1395872138,584.000000000000,0.019876600000
1395872138,583.348000000000,0.027217600000
1395872142,582.995000000000,0.102916000000
1395872148,582.995000000000,0.011117100000
1395872172,582.249000000000,0.020000000000
1395872181,582.249000000000,0.020000000000
1395872208,583.462000000000,0.530000000000
1395872208,582.249000000000,0.051105000000
1395872220,583.462000000000,0.080000000000
1395872226,581.713000000000,0.020000000000
1395872226,581.600000000000,0.112980000000
1395872252,581.596000000000,0.057175400000
1395872252,581.596000000000,0.050000000000
1395872252,581.596000000000,0.140000000000
1395872254,581.596000000000,0.577831000000
1395872255,581.596000000000,1.250860000000
1395872255,581.596000000000,0.010963200000
1395872255,581.596000000000,0.907844000000
1395872256,581.596000000000,0.512738000000
1395872258,581.596000000000,0.171000000000
1395872258,581.596000000000,0.206000000000
1395872258,581.596000000000,0.911244000000
1395872259,581.596000000000,0.498244000000
1395872267,583.887000000000,0.010000000000
1395872276,583.887000000000,0.010000000000
1395872288,581.596000000000,1.327000000000
1395872294,581.596000000000,0.010231400000
1395872303,583.887000000000,0.030000000000
1395872315,583.887000000000,0.227014000000
1395872315,583.887000000000,0.483532000000
1395872317,583.887000000000,0.042829100000
1395872325,583.887000000000,0.010000000000
1395872326,581.666000000000,0.010000000000
1395872351,583.995000000000,0.050000000000
1395872351,584.000000000000,0.775500000000
1395872360,581.666000000000,0.020140000000
1395872368,584.000000000000,0.321000000000
1395872400,584.000000000000,0.038780200000
1395872400,584.000000000000,0.391220000000
1395872400,584.000000000000,0.100000000000
1395872413,584.000000000000,0.017000000000
1395872492,582.000000000000,0.010000000000
1395872495,582.000000000000,0.000912080000
1395872610,583.410000000000,0.018000000000
1395872610,583.412000000000,0.014000000000
1395872614,582.000000000000,0.080000000000
1395872740,583.412000000000,0.006000000000
1395872788,583.412000000000,0.019800000000
1395872836,583.412000000000,0.626252000000
1395872923,583.400000000000,0.011000000000
1395873004,583.000000000000,0.603206000000
1395873084,583.000000000000,0.430000000000
1395873123,583.000000000000,0.171527000000
1395873143,583.000000000000,0.010000000000
1395873145,581.700000000000,0.100000000000
1395873164,583.000000000000,0.092000000000
1395873227,583.000000000000,0.048940000000
1395873239,583.000000000000,0.100000000000
1395873256,583.000000000000,0.054108200000
1395873293,583.000000000000,0.100200000000
1395873383,583.400000000000,0.011000000000
1395873383,583.000000000000,0.001722340000
1395873383,583.306000000000,0.032000000000
1395873383,583.412000000000,0.001369840000
1395873426,583.412000000000,0.159319000000
1395873433,583.412000000000,0.039000000000
1395873533,583.412000000000,0.050000000000
1395873570,583.412000000000,0.152000000000
1395873627,583.412000000000,0.111222000000
1395873870,581.701000000000,0.571077000000
1395873900,583.110000000000,0.037074100000
1395873923,583.109000000000,0.028056100000
1395873939,583.109000000000,0.010000000000
1395873940,583.109000000000,0.400000000000
1395874036,583.109000000000,0.052104200000
1395874048,583.109000000000,0.010000000000
1395874093,583.000000000000,0.300000000000
1395874113,583.000000000000,0.081162300000
1395874150,583.000000000000,0.407555000000
1395874175,583.000000000000,0.221443000000
1395874246,581.702000000000,0.010000000000
1395874281,581.702000000000,0.061684600000
1395874282,581.702000000000,0.020000000000
1395874282,581.702000000000,0.020000000000
1395874282,581.702000000000,0.020000000000
1395874282,581.702000000000,0.010000000000
1395874282,581.702000000000,0.020000000000
1395874282,581.701000000000,0.010000000000
1395874283,581.701000000000,0.020000000000
1395874283,581.701000000000,0.010000000000
1395874300,581.702000000000,0.206000000000
1395874302,581.702000000000,0.120000000000
1395874310,581.701000000000,0.960000000000
1395874310,581.700000000000,0.309014000000
1395874310,581.541000000000,0.097800000000
1395874310,581.500000000000,0.033165500000
1395874310,581.500000000000,0.141500000000
1395874310,581.541000000000,0.035400000000
1395874313,581.500000000000,0.010000000000
1395874353,581.702000000000,0.020000000000
1395874362,581.500000000000,0.010000000000
1395874368,581.500000000000,0.060274500000
1395874370,581.022000000000,0.000882390000
1395874370,581.500000000000,0.250000000000
1395874370,581.297000000000,0.019117600000
1395874371,581.500000000000,0.000648690000
1395874392,581.702000000000,0.020000000000
1395874393,581.702000000000,0.028100000000
1395874397,581.702000000000,0.020000000000
1395874403,581.702000000000,0.084300000000
1395874403,581.702000000000,0.020000000000
1395874422,581.702000000000,0.038076200000
1395874434,581.702000000000,0.261523000000
1395874443,581.073000000000,0.010030000000
1395874444,581.073000000000,0.004888490000
1395874467,581.702000000000,0.020000000000
1395874469,581.702000000000,0.020000000000
1395874478,581.702000000000,0.020000000000
1395874480,581.702000000000,0.020000000000
1395874483,581.023000000000,0.087731100000
1395874483,581.024000000000,0.021000000000
1395874483,581.702000000000,0.020000000000
1395874484,581.022000000000,0.085625200000
1395874495,581.702000000000,0.020000000000
1395874498,581.702000000000,0.512016000000
1395874551,580.000000000000,0.067000000000
1395874551,580.000000000000,0.010679000000
1395874551,580.087000000000,0.010000000000
1395874551,580.550000000000,7.000000000000
1395874551,580.000000000000,0.070400000000
1395874551,580.000000000000,0.062528100000
1395874551,580.495000000000,0.030000000000
1395874551,580.668000000000,0.050000000000
1395874551,580.000000000000,0.010409800000
1395874551,580.670000000000,0.020000000000
1395874551,580.755000000000,0.010000000000
1395874551,580.000000000000,0.975000000000
1395874551,580.299000000000,0.010021000000
1395874551,580.000000000000,0.500000000000
1395874551,580.495000000000,0.050000000000
1395874551,580.259000000000,0.010000000000
1395874551,580.690000000000,0.010000000000
1395874551,580.000000000000,1.002000000000
1395874551,580.699000000000,0.010021000000
1395874551,580.000000000000,0.012300000000
1395874551,580.270000000000,0.250502000000
1395874551,580.101000000000,1.001720000000
1395874551,580.000000000000,0.010000000000
1395874551,580.748000000000,10.000000000000
1395874551,580.094000000000,0.072739000000
1395874551,580.220000000000,0.061522100000
1395874551,580.000000000000,0.046982800000
1395874551,580.000000000000,0.341861000000
1395874551,580.000000000000,0.139370000000
1395874551,580.223000000000,0.014214100000
1395874551,580.000000000000,10.032300000000
1395874551,580.000000000000,0.110000000000
1395874551,580.748000000000,0.029000000000
1395874551,580.581000000000,0.010000000000
1395874551,580.000000000000,0.020880000000
1395874551,580.755000000000,0.010000000000
1395874551,580.755000000000,0.010000000000
1395874551,580.755000000000,0.010000000000
1395874551,580.749000000000,15.420000000000
1395874551,580.755000000000,0.010000000000
1395874551,580.123000000000,0.010000000000
1395874551,580.751000000000,0.100488000000
1395874551,580.002000000000,0.110248000000
1395874551,580.751000000000,0.045000000000
1395874551,580.010000000000,0.396715000000
1395874551,580.123000000000,0.035053700000
1395874551,580.205000000000,0.030000000000
1395874552,580.000000000000,1.380310000000
1395874556,582.997000000000,0.090400000000
1395874556,582.900000000000,0.010000000000
1395874595,580.577000000000,0.019665000000
1395874609,581.000000000000,0.039969300000
1395874619,582.500000000000,0.006000000000
1395874619,582.028000000000,0.010000000000
1395874748,581.000000000000,0.011665800000
1395874749,581.000000000000,0.248214000000
1395874749,581.000000000000,0.168058000000
1395874889,580.350000000000,0.010000000000
1395874889,580.000000000000,0.112562000000
1395874889,580.147000000000,0.030000000000
1395874889,580.082000000000,0.031971100000
1395874889,580.001000000000,0.021000000000
1395874918,581.768000000000,0.028000000000
1395874923,580.500000000000,0.310459000000
1395874923,580.000000000000,0.262791000000
1395874923,581.768000000000,0.061000000000
1395874950,580.500000000000,0.067588900000
1395875074,580.001000000000,0.080137800000
1395875092,582.000000000000,0.400000000000
1395875109,582.000000000000,0.100400000000
1395875121,582.000000000000,0.100400000000
1395875122,582.000000000000,0.200000000000
1395875144,581.999000000000,0.129000000000
1395875145,581.999000000000,0.100400000000
1395875176,581.999000000000,0.010821900000
1395875188,582.000000000000,0.133515000000
1395875188,581.999000000000,0.054485400000
1395875190,582.000000000000,0.152000000000
1395875205,580.001000000000,0.010134200000
1395875310,582.996000000000,0.017207300000
1395875310,582.500000000000,1.381300000000
1395875310,582.824000000000,0.020000000000
1395875310,582.000000000000,3.628890000000
1395875311,583.000000000000,0.040000000000
1395875311,583.000000000000,0.040000000000
1395875311,583.000000000000,0.020000000000
1395875313,583.000000000000,0.047105600000
1395875314,583.000000000000,0.018183800000
1395875314,583.000000000000,0.020513400000
1395875314,583.000000000000,0.070804000000
1395875314,583.000000000000,0.017226000000
1395875315,583.000000000000,0.024580500000
1395875316,580.000000000000,0.343884000000
1395875316,580.002000000000,0.345813000000
1395875316,583.000000000000,0.654187000000
1395875348,580.670000000000,0.010000000000
1395875383,580.670000000000,0.097000000000
1395875383,580.670000000000,0.010000000000
1395875384,583.208000000000,0.031000000000
1395875387,580.612000000000,0.011000000000
1395875399,583.190000000000,0.053000000000
1395875412,580.612000000000,0.000000010000
1395875414,580.612000000000,0.009999990000
1395875414,582.936000000000,0.020360000000
1395875443,580.000000000000,0.010000000000
1395875446,582.932000000000,0.015492300000
1395875446,582.937000000000,0.096143200000
1395875446,582.932000000000,0.043994400000
1395875447,580.000000000000,0.257813000000
1395875468,579.999000000000,0.010000000000
1395875492,579.999000000000,0.010000000000
1395875504,582.937000000000,0.010000000000
1395875542,580.000000000000,1.173800000000
1395875573,580.000000000000,0.010000000000
1395875596,580.000000000000,0.166073000000
1395875596,580.001000000000,0.053927000000
1395875655,580.002000000000,0.010000000000
1395875694,580.001000000000,0.018654300000
1395875701,582.322000000000,0.010000000000
1395875704,582.322000000000,0.010000000000
1395875710,580.001000000000,0.010000000000
1395875710,582.937000000000,0.010000000000
1395875711,582.323000000000,0.010000000000
1395875712,582.323000000000,0.010000000000
1395875714,582.937000000000,0.010000000000
1395875715,582.937000000000,0.010000000000
1395875716,582.937000000000,0.003856780000
1395875716,582.999000000000,0.006143220000
1395875718,582.998000000000,0.010000000000
1395875719,583.000000000000,0.010000000000
1395875719,583.000000000000,0.089400000000
1395875719,582.998000000000,0.011000000000
1395875724,583.000000000000,0.010000000000
1395875724,583.000000000000,0.010000000000
1395875725,583.000000000000,0.010000000000
1395875726,583.000000000000,0.010000000000
1395875727,583.000000000000,0.100400000000
1395875729,582.322000000000,0.028300000000
1395875737,582.322000000000,0.000000010000
1395875739,581.860000000000,0.140000000000
1395875741,582.998000000000,0.011684900000
1395875742,582.998000000000,0.089787400000
1395875743,582.998000000000,0.008527680000
1395875746,583.000000000000,0.048692600000
1395875746,582.993000000000,0.041472300000
1395875746,582.998000000000,0.010235100000
1395875754,583.000000000000,0.100400000000
1395875759,583.000000000000,0.100400000000
1395875763,583.000000000000,0.100400000000
1395875769,583.000000000000,0.100400000000
1395875771,583.000000000000,0.100400000000
1395875774,580.669000000000,0.445000000000
1395875851,580.669000000000,1.480000000000
1395875927,583.000000000000,0.087607400000
1395875934,583.000000000000,0.011700000000
1395875947,583.000000000000,0.040000000000
1395875960,583.000000000000,0.260693000000
1395875965,583.200000000000,0.400000000000
1395875965,583.198000000000,0.060000000000
1395875965,583.241000000000,0.479500000000
1395875965,583.196000000000,0.010500000000
1395875965,583.197000000000,1.050000000000
1395875973,583.000000000000,0.000000010000
1395876004,583.192000000000,0.050000000000
1395876008,580.866000000000,0.050000000000
1395876008,583.192000000000,0.150000000000
1395876009,580.866000000000,0.096200000000
1395876097,580.670000000000,0.020000000000
1395876098,580.670000000000,2.032300000000
1395876171,580.902000000000,0.020000000000
1395876172,580.902000000000,1.114670000000
1395876209,580.670000000000,0.028000000000
1395876300,582.880000000000,0.030000000000
1395876448,582.880000000000,0.010000000000
1395876692,582.000000000000,0.994475000000
1395876739,580.671000000000,0.098231600000
1395876740,580.671000000000,0.185568000000
1395876772,581.999000000000,0.094420000000
1395876946,580.001000000000,0.010500000000
1395876946,580.551000000000,0.020000000000
1395876946,580.670000000000,0.032000000000
1395876946,580.670000000000,0.003633710000
1395876946,580.263000000000,0.030000000000
1395876946,580.000000000000,0.178775000000
1395876946,579.999000000000,0.096123800000
1395876946,580.671000000000,0.028147500000
1395877181,579.999000000000,0.021906200000
1395877194,579.995000000000,0.100000000000
1395877208,579.985000000000,0.010000000000
1395877226,579.810000000000,0.192200000000
1395877226,579.812000000000,0.010500000000
1395877226,579.811000000000,0.300000000000
1395877231,579.812000000000,0.010000000000
1395877254,579.812000000000,0.249450000000
1395877307,579.999000000000,0.083483600000
1395877356,581.999000000000,0.010000000000
1395877500,581.980000000000,0.150751000000
1395877501,581.999000000000,0.076248600000
1395877536,579.812000000000,0.010000000000
1395877558,579.812000000000,0.027730100000
1395877559,579.812000000000,0.005354430000
1395877565,579.812000000000,0.117664000000
1395877590,581.999000000000,0.014000000000
1395877625,581.999000000000,1.381000000000
1395877695,579.813000000000,3.000000000000
1395877768,579.813000000000,0.086472500000
1395877772,581.999000000000,0.040400000000
1395877785,581.999000000000,0.136000000000
1395877844,581.999000000000,0.057000000000
1395877844,581.900000000000,0.060000000000
1395877845,581.999000000000,8.190930000000
1395877848,581.999000000000,0.024073600000
1395877875,581.999000000000,0.240000000000
1395877891,581.999000000000,1.497020000000
1395877972,581.999000000000,0.047979000000
1395877985,579.850000000000,0.170568000000
1395877986,579.850000000000,0.022800000000
1395878046,579.850000000000,0.022700000000
1395878065,581.990000000000,0.050000000000
1395878076,579.850000000000,0.010000000000
1395878095,579.812000000000,0.010000000000
1395878146,581.990000000000,0.010000000000
1395878147,579.812000000000,0.010000000000
1395878159,579.812000000000,0.063981400000
1395878159,579.812000000000,0.103019000000
1395878165,579.812000000000,0.010000000000
1395878183,579.812000000000,0.010000000000
1395878206,579.600000000000,0.026200000000
1395878206,579.565000000000,0.300000000000
1395878206,579.567000000000,0.030000000000
1395878206,579.764000000000,0.010000000000
1395878206,579.797000000000,0.010000000000
1395878206,579.601000000000,0.025431600000
1395878206,579.564000000000,1.000000000000
1395878206,579.812000000000,0.376981000000
1395878206,579.810000000000,0.455022000000
1395878206,579.556000000000,0.010000000000
1395878206,579.764000000000,0.010000000000
1395878206,579.753000000000,0.604220000000
1395878206,579.764000000000,0.010000000000
1395878206,579.660000000000,0.020000000000
1395878206,579.700000000000,0.010000000000
1395878206,579.690000000000,0.010000000000
1395878206,579.699000000000,0.010021000000
1395878206,579.505000000000,0.110249000000
1395878206,579.660000000000,0.020000000000
1395878207,579.500000000000,0.050000000000
1395878207,579.500000000000,0.020000000000
1395878207,579.500000000000,0.100000000000
1395878207,579.500000000000,0.050000000000
1395878207,579.500000000000,0.020000000000
1395878207,579.500000000000,0.010000000000
1395878207,579.500000000000,0.030000000000
1395878207,579.500000000000,0.010000000000
1395878207,579.500000000000,0.026000000000
1395878207,579.500000000000,3.580000000000
1395878208,579.500000000000,0.912303000000
1395878211,579.500000000000,0.017000000000
1395878211,579.500000000000,0.040000000000
1395878213,579.500000000000,0.086000000000
1395878213,579.420000000000,0.010000000000
1395878214,579.500000000000,0.022000000000
1395878214,579.500000000000,0.051000000000
1395878214,579.500000000000,0.034000000000
1395878214,579.500000000000,0.103000000000
1395878215,579.500000000000,0.172000000000
1395878216,579.500000000000,0.382937000000
1395878218,579.500000000000,1.000000000000
1395878219,579.500000000000,0.070140000000
1395878329,579.460000000000,0.030000000000
1395878358,579.500000000000,0.100000000000
1395878363,579.460000000000,0.160057000000
1395878368,579.500000000000,4.073960000000
1395878400,580.503000000000,0.010000000000
1395878409,580.503000000000,0.015000000000
1395878415,580.503000000000,0.923000000000
1395878420,580.954000000000,0.010000000000
1395878427,580.954000000000,0.260327000000
1395878451,579.799000000000,0.013370000000
1395878459,581.716000000000,0.030000000000
1395878462,581.780000000000,0.020000000000
1395878463,581.716000000000,0.101696000000
1395878463,581.780000000000,0.171000000000
1395878475,581.810000000000,0.100000000000
1395878475,581.716000000000,0.071000000000
1395878487,581.716000000000,0.100000000000
1395878499,580.100000000000,0.013370000000
1395878530,579.502000000000,0.010000000000
1395878530,579.460000000000,0.627140000000
1395878530,579.799000000000,0.016630000000
1395878530,580.100000000000,0.496630000000
1395878530,579.674000000000,0.020000000000
1395878538,582.000000000000,0.199700000000
1395878548,582.000000000000,0.020000000000
1395878561,582.000000000000,0.551300000000
1395878738,580.503000000000,0.980000000000
1395878773,580.503000000000,1.649670000000
1395878818,580.503000000000,0.789900000000
1395878955,580.504000000000,0.100000000000
1395879016,580.505000000000,0.010000000000
1395879026,582.799000000000,0.010500000000
1395879026,582.821000000000,0.279600000000
1395879026,582.822000000000,0.030000000000
1395879026,582.828000000000,0.020000000000
1395879026,582.976000000000,0.011000000000
1395879026,583.224000000000,1.050000000000
1395879026,582.800000000000,0.240000000000
1395879026,582.406000000000,0.060000000000
1395879026,582.884000000000,0.010000000000
1395879026,583.223000000000,0.031500000000
1395879026,582.799000000000,0.010500000000
1395879026,582.406000000000,0.010000000000
1395879028,583.231000000000,0.413000000000
1395879028,583.231000000000,0.100000000000
1395879028,583.231000000000,0.050000000000
1395879030,583.231000000000,0.010329900000
1395879030,583.231000000000,0.011892300000
1395879030,583.231000000000,0.042430300000
1395879031,583.231000000000,0.068824200000
1395879033,583.231000000000,0.050000000000
1395879043,583.230000000000,1.050000000000
1395879056,581.773000000000,0.010000000000
1395879068,580.909000000000,0.050000000000
1395879081,580.899000000000,0.020000000000
1395879093,580.608000000000,0.011000000000
1395879117,580.608000000000,0.000000010000
1395879118,580.608000000000,0.009999990000
1395879132,580.608000000000,0.103339000000
1395879132,580.608000000000,0.017223000000
1395879132,580.608000000000,0.196000000000
1395879147,580.504000000000,0.400000000000
1395879148,580.608000000000,0.524839000000
1395879163,580.503000000000,0.720582000000
1395879190,580.505000000000,0.010500000000
1395879206,580.504000000000,2.953480000000
1395879212,580.504000000000,0.010000000000
1395879213,580.608000000000,0.075161200000
1395879379,580.601000000000,0.025099500000
1395879379,580.601000000000,0.050000000000
1395879381,582.406000000000,0.162400000000
1395879392,582.406000000000,0.050000000000
1395879400,582.406000000000,0.050000000000
1395879402,582.930000000000,0.014500000000
1395879405,582.930000000000,0.050000000000
1395879406,582.930000000000,0.817859000000
1395879406,582.406000000000,0.365841000000
1395879410,582.406000000000,0.050000000000
1395879412,582.406000000000,0.050000000000
1395879421,582.406000000000,0.050000000000
1395879425,582.406000000000,0.050000000000
1395879429,582.406000000000,0.050000000000
1395879431,582.406000000000,0.050000000000
1395879435,582.406000000000,0.050000000000
1395879505,582.933000000000,0.014500000000
1395879532,582.406000000000,0.090000000000
1395879582,582.406000000000,0.052815600000
1395879600,582.406000000000,0.100000000000
1395879621,582.406000000000,0.230000000000
1395879624,582.406000000000,0.100000000000
1395879646,582.790000000000,0.100400000000
1395879649,582.790000000000,0.100400000000
1395879653,582.406000000000,0.100000000000
1395879656,582.790000000000,0.100400000000
1395879660,582.790000000000,0.100400000000
1395879665,583.000000000000,0.094900000000
1395879665,582.933000000000,0.005500000000
1395879674,582.406000000000,0.100000000000
1395879678,582.406000000000,0.203348000000
1395879680,581.820000000000,0.036651900000
1395879685,582.790000000000,0.014845000000
1395879736,580.602000000000,0.729860000000
1395879736,580.610000000000,0.240000000000
1395879736,580.604000000000,0.070140000000
1395879739,580.602000000000,1.000000000000
1395879836,580.503000000000,0.050000000000
1395879940,580.504000000000,0.050000000000
1395879955,580.503000000000,0.029860000000
1395879955,580.504000000000,0.020140000000
1395879959,580.503000000000,0.050000000000
1395879961,580.505000000000,0.050000000000
1395879984,580.503000000000,0.701170000000
1395879984,580.505000000000,0.020140000000
1395880009,580.503000000000,0.158005000000
1395880050,582.759000000000,0.020000000000
1395880050,582.750000000000,0.240000000000
1395880052,582.760000000000,0.004000000000
1395880052,582.760000000000,0.200000000000
1395880053,580.503000000000,0.327869000000
1395880055,582.750000000000,0.200000000000
1395880059,580.461000000000,0.020000000000
1395880059,579.969000000000,0.010000000000
1395880060,579.850000000000,0.175000000000
1395880062,579.420000000000,0.214412000000
1395880062,579.421000000000,0.010500000000
1395880062,579.461000000000,0.011044600000
1395880062,579.683000000000,0.030000000000
1395880062,579.661000000000,0.215643000000
1395880063,579.420000000000,0.030000000000
1395880073,579.262000000000,0.010500000000
1395880073,579.261000000000,0.205292000000
1395880073,579.262000000000,0.010500000000
1395880073,579.268000000000,0.010000000000
1395880073,579.299000000000,0.010021000000
1395880081,581.909000000000,0.011000000000
1395880082,582.406000000000,0.762000000000
1395880083,582.406000000000,0.301582000000
1395880097,579.126000000000,0.010000000000
1395880097,579.124000000000,0.010500000000
1395880097,579.124000000000,0.300880000000
1395880097,579.226000000000,0.061522100000
1395880097,579.244000000000,0.020340200000
1395880097,579.244000000000,0.029057400000
1395880161,579.137000000000,0.017761400000
1395880169,579.137000000000,0.014815300000
1395880194,579.144000000000,3.150000000000
1395880195,579.143000000000,9.148500000000
1395880201,579.143000000000,0.015505900000
1395880208,579.592000000000,0.021000000000
1395880210,579.800000000000,0.049140000000
1395880217,579.145000000000,0.401467000000
1395880265,579.145000000000,1.086000000000
1395880295,579.145000000000,0.600000000000
1395880323,579.145000000000,0.050000000000
1395880335,579.145000000000,0.200000000000
1395880339,579.145000000000,0.200000000000
1395880361,577.230000000000,15.000000000000
1395880361,576.650000000000,0.311326000000
1395880361,577.123000000000,0.022200000000
1395880361,576.516000000000,0.121391000000
1395880361,577.196000000000,0.030000000000
1395880361,577.001000000000,0.595073000000
1395880361,577.000000000000,0.070000000000
1395880361,577.000000000000,0.430000000000
1395880361,577.005000000000,0.110254000000
1395880361,577.070000000000,0.500000000000
1395880361,577.000000000000,0.500000000000
1395880361,576.880000000000,1.000000000000
1395880361,576.500000000000,4.086970000000
1395880361,576.332000000000,0.176399000000
1395880361,577.020000000000,0.010005100000
1395880361,577.000000000000,0.114380000000
1395880361,577.010000000000,3.310000000000
1395880361,577.101000000000,1.006930000000
1395880361,576.200000000000,0.230739000000
1395880361,576.300000000000,0.050503000000
1395880361,576.331000000000,0.030000000000
1395880361,576.307000000000,0.061742900000
1395880361,576.201000000000,1.550000000000
1395880361,576.230000000000,0.150000000000
1395880361,576.299000000000,0.010021000000
1395880361,576.600000000000,0.100302000000
1395880361,576.596000000000,0.050000000000
1395880361,576.989000000000,0.010000000000
1395880361,576.891000000000,1.198160000000
1395880361,577.002000000000,0.852688000000
1395880361,576.901000000000,0.092298600000
1395880361,576.504000000000,0.110255000000
1395880361,577.000000000000,5.062360000000
1395880361,577.000000000000,0.014420000000
1395880361,576.687000000000,1.281570000000
1395880361,577.000000000000,5.240000000000
1395880361,577.000000000000,0.200000000000
1395880361,576.659000000000,0.011000000000
1395880361,576.792000000000,0.030000000000
1395880361,576.687000000000,0.040100000000
1395880361,576.699000000000,0.010021000000
1395880361,577.000000000000,0.319864000000
1395880361,576.790000000000,0.010000000000
1395880361,576.779000000000,0.015196100000
1395880374,577.641000000000,0.010000000000
1395880375,578.510000000000,0.010125000000
1395880390,578.510000000000,0.015000000000
1395880391,578.514000000000,0.050000000000
1395880391,578.510000000000,0.031936000000
1395880393,578.520000000000,0.418064000000
1395880424,578.520000000000,0.080160300000
1395880433,578.216000000000,0.017054000000
1395880434,578.216000000000,0.740000000000
1395880435,578.216000000000,0.083843800000
1395880445,578.216000000000,0.204409000000
1395880445,578.216000000000,0.010000000000
1395880450,576.008000000000,2.100000000000
1395880450,576.198000000000,0.031200000000
1395880450,576.989000000000,0.010000000000
1395880450,577.064000000000,0.010000000000
1395880450,577.799000000000,0.010000000000
1395880450,577.800000000000,0.042083800000
1395880450,576.083000000000,0.011000000000
1395880450,576.200000000000,1.266140000000
1395880450,576.389000000000,0.030000000000
1395880450,576.775000000000,0.010400000000
1395880450,576.253000000000,0.829022000000
1395880450,576.278000000000,1.050000000000
1395880450,576.279000000000,0.052500000000
1395880450,576.007000000000,1.761240000000
1395880450,576.198000000000,0.050000000000
1395880450,576.101000000000,1.008680000000
1395880450,576.006000000000,9.003070000000
1395880450,576.123000000000,0.024655400000
1395880450,576.170000000000,0.700000000000
1395880457,576.007000000000,0.410000000000
1395880457,576.007000000000,0.270000000000
1395880459,576.007000000000,1.000000000000
1395880465,576.009000000000,0.106102000000
1395880478,577.800000000000,0.010000000000
1395880479,577.800000000000,0.050000000000
1395880479,577.800000000000,0.050000000000
1395880479,577.800000000000,0.010000000000
1395880481,576.011000000000,0.087555600000
1395880484,578.100000000000,0.025050100000
1395880486,576.011000000000,4.119910000000
1395880486,576.012000000000,0.010000000000
1395880499,578.216000000000,0.157515000000
1395880499,578.100000000000,0.074949900000
1395880501,576.588000000000,0.010000000000
1395880524,577.165000000000,0.010714200000
1395880538,578.216000000000,0.081540000000
1395880545,577.165000000000,0.004285750000
1395880547,577.165000000000,0.033283000000
1395880547,577.165000000000,0.100000000000
1395880578,577.165000000000,0.051531900000
1395880621,577.351000000000,0.020000000000
1395880624,578.216000000000,0.432039000000
1395880625,578.601000000000,0.011000000000
1395880626,578.216000000000,0.432039000000
1395880626,578.216000000000,0.100275000000
1395880626,578.273000000000,0.010000000000
1395880626,578.216000000000,0.100268000000
1395880626,578.216000000000,0.207000000000
1395880626,578.601000000000,0.011000000000
1395880626,578.216000000000,0.129000000000
1395880628,578.216000000000,0.038505100000
1395880650,579.089000000000,0.040000000000
1395880660,579.100000000000,0.100000000000
1395880662,579.110000000000,1.000000000000
1395880670,579.145000000000,0.027864600000
1395880671,579.110000000000,0.100000000000
1395880678,579.110000000000,0.050000000000
1395880681,579.110000000000,0.116822000000
1395880689,579.451000000000,0.028264600000
1395880689,579.199000000000,0.050000000000
1395880689,579.145000000000,0.022135400000
1395880691,579.110000000000,0.020000000000
1395880692,579.915000000000,0.027686600000
1395880692,579.541000000000,0.010978000000
1395880692,579.499000000000,0.030000000000
1395880692,579.853000000000,0.030000000000
1395880692,579.451000000000,0.001735390000
1395880700,579.956000000000,0.010000000000
1395880700,579.915000000000,0.002313390000
1395880700,580.572000000000,0.010000000000
1395880700,580.670000000000,0.018086600000
1395880700,580.531000000000,0.020000000000
1395880700,580.321000000000,0.030000000000
1395880700,580.283000000000,0.010000000000
1395880703,581.107000000000,0.038486600000
1395880703,580.836000000000,0.020000000000
1395880703,581.018000000000,0.030000000000
1395880703,579.110000000000,2.000000000000
1395880703,580.670000000000,0.011913400000
1395880704,579.110000000000,1.890000000000
1395880706,581.267000000000,0.026040900000
1395880706,581.107000000000,0.016959100000
1395880706,581.200000000000,0.047400000000
1395880706,580.558000000000,0.010000000000
1395880708,581.267000000000,0.001127500000
1395880708,581.684000000000,0.010500000000
1395880708,581.429000000000,0.020000000000
1395880708,581.685000000000,0.013312500000
1395880708,581.685000000000,0.019017900000
1395880708,581.784000000000,0.036442100000
1395880713,579.110000000000,0.299310000000
1395880713,581.770000000000,0.100400000000
1395880715,581.770000000000,0.100400000000
1395880725,581.788000000000,0.052500000000
1395880725,581.429000000000,0.020000000000
1395880725,581.789000000000,0.027900000000
1395880735,580.316000000000,0.010000000000
1395880736,579.740000000000,0.100400000000
1395880737,579.740000000000,0.090000000000
1395880737,579.740000000000,0.000400050000
1395880742,581.499000000000,0.030000000000
1395880747,581.499000000000,0.100400000000
1395880757,580.999000000000,0.031000000000
1395880758,580.999000000000,0.100400000000
1395880771,580.999000000000,0.100400000000
1395880775,579.459000000000,0.050000000000
1395880776,579.459000000000,0.006853640000
1395880776,579.175000000000,0.020000000000
1395880776,579.169000000000,0.011000000000
1395880776,579.110000000000,0.002146360000
1395880776,579.150000000000,0.010000000000
1395880780,579.110000000000,0.050000000000
1395880782,580.998000000000,0.100400000000
1395880783,579.110000000000,0.050000000000
1395880788,579.110000000000,0.050000000000
1395880790,579.110000000000,0.050000000000
1395880794,580.990000000000,0.100400000000
1395880807,580.446000000000,0.100400000000
1395880812,580.897000000000,0.102053000000
1395880812,580.897000000000,0.897947000000
1395880812,580.446000000000,0.488220000000
1395880813,580.897000000000,0.499100000000
1395880814,580.446000000000,0.080000000000
1395880814,580.504000000000,0.010000000000
1395880814,580.897000000000,0.081033500000
1395880818,580.623000000000,0.020966500000
1395880818,580.990000000000,0.079433500000
1395880820,580.446000000000,0.029664700000
1395880820,580.446000000000,0.020335400000
1395880829,580.990000000000,0.020166500000
1395880829,581.599000000000,0.030000000000
1395880829,581.789000000000,0.039833500000
1395880829,581.779000000000,0.010400000000
1395880840,581.789000000000,0.100400000000
1395880852,581.789000000000,0.100400000000
1395880852,580.446000000000,0.011188600000
1395880862,580.987000000000,0.100400000000
1395880864,580.447000000000,1.000000000000
1395880864,580.447000000000,0.050000000000
1395880873,580.987000000000,0.330000000000
1395880880,580.446000000000,0.100000000000
1395880886,580.446000000000,0.050000000000
1395880887,580.446000000000,0.236298000000
1395880887,580.446000000000,0.297367000000
1395880887,580.446000000000,0.100335000000
1395880887,580.446000000000,0.206000000000
1395880888,580.446000000000,0.050000000000
1395880892,579.110000000000,1.558140000000
1395880892,580.446000000000,0.201923000000
1395880902,580.985000000000,0.013935300000
1395880908,580.984000000000,0.027778700000
1395880908,580.984000000000,0.206000000000
1395880908,580.984000000000,0.010000000000
1395880909,580.984000000000,0.103273000000
1395880909,580.984000000000,0.017212000000
1395880910,580.983000000000,0.025242900000
1395880925,580.983000000000,0.865840000000
1395880927,580.983000000000,0.010000000000
1395880927,580.983000000000,0.013905600000
1395880927,580.983000000000,0.206000000000
1395880927,580.983000000000,0.860610000000
1395880928,580.983000000000,0.015127800000
1395880928,580.984000000000,0.421702000000
1395880928,580.983000000000,0.103273000000
1395880928,580.984000000000,0.152961000000
1395880928,580.984000000000,0.100267000000
1395880929,580.984000000000,0.041990100000
1395880929,580.984000000000,0.010805900000
1395880930,580.983000000000,0.100509000000
1395880930,580.983000000000,0.025266400000
1395880930,580.983000000000,0.061538000000
1395880930,580.983000000000,0.025700000000
1395880930,580.983000000000,0.016986900000
1395880930,580.983000000000,0.000225120000
1395880931,580.984000000000,0.100438000000
1395880931,580.984000000000,0.221836000000
1395880931,580.984000000000,0.021841300000
1395880931,580.983000000000,0.322274000000
1395880931,580.985000000000,5.906520000000
1395880932,580.983000000000,0.206000000000
1395880933,580.983000000000,0.230000000000
1395880933,580.983000000000,0.027700000000
1395880934,580.983000000000,0.016600000000
1395880941,580.100000000000,0.060878200000
1395880951,580.985000000000,1.138670000000
1395880951,580.985000000000,0.041025000000
1395880951,580.985000000000,0.041830000000
1395880952,580.985000000000,1.003140000000
1395880953,580.985000000000,0.516106000000
1395880953,580.985000000000,0.478069000000
1395880953,580.985000000000,0.860607000000
1395880954,580.985000000000,1.000000000000
1395880954,581.430000000000,0.018266500000
1395880955,580.985000000000,0.651323000000
1395880955,580.985000000000,0.338677000000
1395880955,581.043000000000,0.010000000000
1395880958,580.985000000000,0.050000000000
1395880959,580.985000000000,0.050000000000
1395880962,581.430000000000,0.014200000000
1395880966,580.985000000000,0.010000000000
1395881051,582.390000000000,0.400000000000
1395881051,582.520000000000,0.500000000000
1395881051,582.255000000000,0.049953900000
1395881051,582.356000000000,0.030000000000
1395881051,582.070000000000,0.061900300000
1395881051,582.007000000000,0.030000000000
